4901 6885
1266.0 592.0 1236.0 173.0 Da queste due se tu ti rechi a mente

1354.0 711.0 1002.0 164.0 lo genesi dal principio cõuene

1358.0 826.0 1239.0 157.0 prender sua uita ⁊ auanzar la gente

1277.0 933.0 1133.0 141.0 Et ꝑche lusuriere altra uia tene

1362.0 1048.0 1040.0 156.0 ꝑ se natura ⁊ ꝑ la sua seguace

1350.0 1170.0 1289.0 145.0 dispregia poi che n altro pon la spene

1251.0 1262.0 1339.0 164.0 Maseguimi or mai chel gir mi piace

1358.0 1361.0 1082.0 153.0 che i pesci guizan su ꝑ lorizonta

1350.0 1457.0 1056.0 145.0 el carro tutto soural coro giace

1266.0 1552.0 1163.0 161.0 El balzo uia la oltre si dismonta.

1346.0 1640.0 1370.0 165.0 Cant̾o XII oue tratta del distendimento del

1346.0 1751.0 1381.0 161.0 septimo cerchio dinferno ⁊ dele pene di quelli

1346.0 1851.0 1389.0 172.0 che feciono forza ĩ ꝑꝰ di tirãni ⁊ ꝗ tratta di mi

1346.0 1958.0 1401.0 145.0 nutauro ⁊ del fiume del sangue ⁊ come ꝑ uno

1323.0 2065.0 1450.0 157.0 centauro furono scorti ⁊ guidati sicuri oltrel.

1434.0 2191.0 1073.0 149.0 Era lo loco oue ascender la riua

2513.0 2197.0 247.0 149.0 fiume.

1446.0 2295.0 1188.0 154.0 ueñimo alpestro ⁊ ꝑquel chi uerãco

1434.0 2398.0 1137.0 166.0 tal cogni uista ne sarebbe schiua

1216.0 2497.0 1263.0 146.0 Quale quella ruina che nel fianco

1335.0 2620.0 1079.0 145.0 di qua da trentto ladice ꝑcosse

1335.0 2723.0 1086.0 145.0 o ꝑ teremoto o ꝑ sostegno manco

1231.0 2819.0 1309.0 164.0 Che da cima del monte onde si mosse

1339.0 2926.0 1105.0 153.0 al piano e si la roccia discoscesa

1331.0 3025.0 1171.0 149.0 calcuna uia darebbe a chi su fosse

1235.0 3128.0 1202.0 157.0 Cotal di quel burrato era la scesa

1339.0 3228.0 1075.0 153.0 en su la punta della rotta lacca

1331.0 3346.0 1025.0 138.0 linfamia di creti era distesa

1251.0 3442.0 1228.0 164.0 Chefu concepta nella falsa uacca

1335.0 3557.0 1216.0 160.0 ⁊ quando uide noi se stesso morse

1266.0 3672.0 1251.0 153.0 si come quei cui lira dentro fiacca

1247.0 3775.0 1193.0 126.0 Lo sauio mio uer lui grido forse

1335.0 3867.0 1182.0 141.0 tu credi che qui sial duca dathene

1335.0 3978.0 1201.0 156.0 che su nel mondo la morte ti porse

1235.0 4096.0 1171.0 149.0 Partiti bestia che questi nõ uene

1335.0 4192.0 1048.0 137.0 amaestrato dalla tua sorella

1335.0 4291.0 1113.0 149.0 ma uassi ꝑ ueder le uostre pene

1228.0 4394.0 1327.0 157.0 Quale quel toro chessi slaccia ĩ quella

1339.0 4509.0 1117.0 138.0 ca riceuuto gialcolpo mortale

1339.0 4590.0 1182.0 168.0 che gir nõ sa ma qua ⁊ la saltella

1220.0 4704.0 1175.0 130.0 Uidio lo minotauro far cotale

1342.0 4811.0 1209.0 150.0 ⁊ quello acorto grido corri aluarco

1331.0 4899.0 1486.0 150.0 mentre che infortuna /e/ buon che tu ti cale

1208.0 5014.0 1317.0 168.0 Cosi prendemo uia giu per lo scarco

1323.0 5133.0 1251.0 164.0 di quelle pietre che spesso mouiensi

1331.0 5240.0 1148.0 187.0 sotto mie piedi per lo nouo carco

2972.0 604.0 1328.0 172.0 Io gia pensando quelli disse che pensi

3018.0 715.0 1167.0 157.0 forsa questa ruina che guardata

3007.0 810.0 1151.0 173.0 da quell ira bestial chiora spensi

2926.0 929.0 1140.0 164.0 Or uo che sappi chellaltra fiata

3014.0 1036.0 1240.0 165.0 chio discesi qua giu nel basso nferno

3010.0 1162.0 1275.0 134.0 questa roccia non era ancor cascata

2915.0 1246.0 1236.0 173.0 Ma certo poco pria se ben discerno

3007.0 1342.0 1199.0 161.0 che uenisse colui che la gran preda

2995.0 1457.0 1148.0 141.0 leuo a dith̃e del cerchio superno

2915.0 1549.0 1132.0 134.0 Da tutte parti lalta ualle feda

3003.0 1656.0 1236.0 137.0 tremo si chio pensai che lluniuerso

2999.0 1763.0 1240.0 145.0 sentiss amor ꝑ lo qual /e/ chio creda

2923.0 1881.0 1308.0 146.0 Piu uoltelmondo in caosso conuerso

3003.0 1977.0 1331.0 161.0 ⁊ inques punto questa uecchia roccia

2995.0 2084.0 1060.0 142.0 qui ⁊ altroue tal fece riuerso

2907.0 2187.0 1312.0 169.0 Ma ficca li occhi aualle che saproccia

2991.0 2291.0 1259.0 153.0 la riuiera del sangue illa qual bolle

2999.0 2409.0 1255.0 149.0 qual che ꝑ uiolenza in altrui noccia

2907.0 2505.0 1010.0 161.0 O cieca cupidigia ria ⁊ folle

3007.0 2616.0 1098.0 126.0 che si ci sproni nella uita corta

3007.0 2719.0 1036.0 142.0 ⁊ nel eterna poi si mal ci molle

2900.0 2819.0 1300.0 168.0 Io uidi un ampia fossa in arco torta

2999.0 2926.0 1308.0 149.0 come quella che tuttol piano abraccia

2999.0 3037.0 1232.0 145.0 secondo cauea detto la mia scorta

2911.0 3132.0 1305.0 157.0 et tra l pie della ripa ⁊ essa in traccia

2995.0 3255.0 1259.0 130.0 correan centauri armati di saette

2995.0 3339.0 1312.0 153.0 come sollion nel mondo andar a caccia

2896.0 3446.0 1247.0 168.0 Uegiendoci calar ciascun ristette

2991.0 3561.0 1075.0 160.0 ⁊ della schiera tre si dipartiro

2991.0 3668.0 1267.0 153.0 con archi ⁊ asticciuole prima elette

2896.0 3779.0 1343.0 141.0 Et lun grido da lungi aqual martiro

2995.0 3882.0 1075.0 149.0 uenite uoi che scendete la costa

2980.0 3985.0 1041.0 153.0 Ditel costinci se nõ larco tiro.

2911.0 4085.0 1178.0 179.0 Lo mio maestro disse la risposta

2999.0 4215.0 1125.0 145.0 faren noi a chiron costa da presso

3007.0 4306.0 1201.0 165.0 mal fu la uollia tua sempre si tosta

2892.0 4389.0 1211.0 183.0 Po mi tento ⁊ disse quelli e nesso

2999.0 4513.0 941.0 134.0 che mori ꝑ la bella deanira

2995.0 4616.0 1037.0 149.0 ⁊ fe di se la uendetta elli stesso

2892.0 4727.0 1178.0 157.0 Et quel di mezo cal petto si mira

2991.0 4827.0 1198.0 160.0 el gran chiron il qual nodri achille

2926.0 4938.0 1190.0 156.0 quellaltre folo che fu si pien dira

2900.0 5037.0 1373.0 138.0 Dintorn al fosso uanno a mille a mille

2988.0 5133.0 1078.0 156.0 saettando qualanima si suelle

2976.0 5240.0 1266.0 210.0 del sangue piu che sua uita sortille
