2983 3770
254 398 836 123 O mͦusa o alto ingegno ora maitate

295 499 789 101 O mente che scriuesti cio chio uiddi

298 568 723 116 Qui si parra la tua nobilitate.

264 634 839 129 Io cominciai poeta che mi guidi.

298 719 830 119 Guarda la mia uirtu selle possente.

295 794 814 117 Prima challalto passo tu mi fidi.

238 867 783 128 Tu dici che di siluio il parente.

810 951 73 57 ad

298 945 836 113 Corruptibile anchora ‸⟦et⟧ ĩmortale.

295 1024 795 119 Secolo ando et fu sensibilmente.

248 1093 729 125 Pero se lauersaro dogni male

292 1178 817 116 Cortese li fu pensando lalto effecto.

292 1253 849 116 chuscir douea di lui el chi el quale.

238 1325 943 129 Non pare indegno ad homo dintellecto.

298 1410 896 113 che fu dellalta roma et di suo impero.

292 1489 877 122 Nello inpirio ciel ꝑ padre electo.

251 1548 937 148 La qͣuale el quale a uoler dir lo uero.

298 1646 682 103 fu stabilito ꝑ lo loco sancto.

308 1724 899 113 u siede il soccessor del maggior piero.

254 1787 968 132 Peᷨr questa andata onde li dai tu uanto.

298 1881 748 110 Entese cose che furon cagione.

301 1941 965 129 di sua uictoria et del papale amanto.

251 2020 824 119 Anͨdoui poi lo uas de elecçione.

304 2098 947 129 per recharne conforto ad quella fede.

289 2177 848 119 Che principio di uia di saluaçione.

232 2252 905 126 Ma io ꝑche uenirui o chil concede.

298 2346 786 104 Io non enea io non paol sono

289 2409 984 116 Me degno accio ne io ne altri il crede.

238 2472 959 129 Perche se del uenire io mabbandono.

292 2563 861 119 Temo chella uenuta non sia folle.

295 2645 940 116 Se sauio intendi me cio chio ragiono.

254 2714 896 100 E t quale que che suuole/ cio che uolle.

298 2789 924 126 Et ꝑ nuoui pensieri cangia proposta

289 2868 852 113 Si che dal cominciar tutto si tolle.

242 2934 917 132 Tal mi feci io in quella oscura costa.

304 3031 855 107 ꝑche pensando consumai lampresa

295 3097 864 138 che fu nel cominciar cotanto tosta

1320 355 72 78 ii.

1323 405 393 116 Siͩo ben la

1716 408 399 113 ⟦⟧rola tua ĩtesa

1445 496 899 110 Rispuose ⟦⟧ magnanimo nelombra.

1442 578 899 110 Lanima tua /e/ di uilta offesa.

1386 637 918 132 La qual molte fiate lomo ingombra.

1436 735 764 106 che donorata inpresa lo riuolue.

1433 794 937 129 Come fa il sol ueder bestia quandombra.

1370 873 874 113 Di questa tema accio che tu ti solue.

1427 955 883 116 diretti ꝑchio uenni et quel chintesi.

1436 1027 893 119 Nel primo puncto che dite mi dolue.

1386 1115 757 116 Io era tra color che son sospesi.

1433 1187 858 110 Et donna mi chiamo beata et bella.

1417 1256 880 113 Tal che di comandar io la richiesi.

1376 1325 1003 139 Luceuan gli occhi suoi piu chella stella

1433 1423 836 103 Cominciomi a dir soaue et piana.

1436 1492 798 116 Con angelica uoce alla fauella.

1373 1567 792 116 O anima cortese mantouana.

1430 1639 971 120 Di chui la fama anchor nel mondo dura.

1433 1731 864 103 Et durera quantol mondo lontana.

1376 1793 902 110 Lamico mio et non della uentura.

1439 1875 868 123 Nella diserta piaggia /e/ inpedito.

1420 1954 858 119 Si nel cãmin che uolte ꝑ paura.

1367 2026 924 122 Et temo che nõ sia gia si smarrito.

1423 2111 855 110 chi mi sia tardi al soccorso leuata.

1427 2186 864 113 Per quel chi /o/ dilui nel cielo udito.

1379 2252 921 135 Or muoui. et colla tua parola ornata.

1442 2349 915 98 Et concio chamistieri il suo campare

1436 2412 732 132 La uita si che ne sia consolata.

1357 2485 931 138 Io son beatrice che tu faccio andare.

1439 2576 817 119 uegno delluogo oue tornar disio.

1420 2654 858 113 Amor mi mosse che mi fa parlare.

1376 2723 899 120 Quando saro dinançi al signor mio.

1433 2796 723 113 Dite mi lodero souente allui.

1423 2880 840 114 Tacette allora et poi comĩciai io.

1376 2943 717 132 O donͤna di uirtu sola ꝑ chui

1436 3028 924 119 lumana speçie scende ogn⟦⟧ ntento.

1433 3110 889 157 Da quel ciel chaminor gli cierchi sui.
