2990 3710
507 290 933 149 T anto magrada il tuo comãdam̃to

590 392 603 118 che lubbidir se gia fusse

584 479 866 108 Piu nõ ti uo chaprimi il tuo talento.

528 544 943 108 Ma dimmi la cagion che non ti guardi.

587 624 900 124 dellascender quagiu in questo centro.

581 695 859 118 dallampio loco oue tornar tu ardi.

528 766 946 124 Da che tu uuoli saper cotanto adentro.

575 856 807 114 Dirotti breuemente mi rispuose.

578 930 915 127 Perchio non temo di uenir qua entro.

513 1007 791 121 Temer si dee di sole quelle cose.

581 1088 887 114 Channo potentia di fare altrui male

578 1168 825 96 dellaltre no/ che non son paurose.

544 1236 1029 118 Io son facta da dio sua merçe tale.

581 1320 896 108 Chella uostra miseria non mi tange.

578 1394 940 108 Ne fiamma desto incendio non masale.

510 1462 1045 127 Donna e gentil nel ciel che si cõpiange.

575 1548 977 106 Di questo inpedimento ouio ti mando.

578 1623 878 99 Si che duro giudicio lasu frange.

507 1703 902 102 Questa chiese lucia in suo dimando.

578 1774 850 118 Et disse hora bisogna il tuo fidele.

578 1851 788 112 dite/ et io ad te lo racomando.

516 1929 866 117 Lucia nimica di ciascun crudele.

578 2012 872 96 Si mosse et uenne ad loco douiera.

578 2083 779 115 che mi sedea collanticha racele.

513 2151 776 112 Disse beatrice/ loda di dio uera.

581 2244 862 111 Che nõ soccorri quel che tamo tanto.

578 2318 887 124 Chusci ꝑ te della uolghare ischiera.

516 2396 856 120 Nõnodi tu la pieta del suo pianto.

581 2473 887 108 Non uedi tu la morte chel conbatte.

575 2553 949 105 su la fiumana ouel mar nona uanto.

525 2624 881 109 Al mondo nõ fur mai ꝑsone ratte.

578 2702 968 129 ad far lor pro ne ad fuggir lor danno.

578 2785 773 121 Comio dopo cotal parole fatte.

522 2865 897 103 U ennu qua giu del mio beato schanno.

578 2937 850 120 fidandomi del tuo parlare honesto.

578 3011 853 120 chonora te et quei chudito lanno.

1558 262 158 68 Inferno

1654 327 745 115 Poscia chebbe ragionato questo.

1697 398 782 109 Li occhi lucenti lagrimãdo uolse

1706 482 807 114 ꝑche mi fece del uenir piu presto.

1651 559 810 118 Et uenni ad te cosi comella uolse.

1697 630 702 115 dinãçi a quella fiera ti leuai.

1700 704 903 115 Che del bel monte il corto andar ti tolse.

1641 772 631 127 Dũque che /e/ ꝑche restai.

1697 862 841 96 Perche tanta uilta lo cuor alecte.

1703 942 829 115 Perche ardire et francheçça nõ ai.

1648 1017 881 105 Poscia che tali tre donne benedette.

1694 1097 788 96 Curan dite nella corte del cielo.

1697 1168 949 118 El mio parlar tanto ben tinpromette.

1617 1245 899 102 Quali i fioretti dal nocturno gielo.

1697 1317 986 132 chinati et chiusi poi chel sol glinbiancha.

1691 1406 912 112 si diriççan tutti aperti in loro stelo.

1632 1477 983 118 Ta⟦⟧l mi fecio di mia uirtude stancha.

1697 1555 906 95 Et tanto buono ardire al cor mi corse

1694 1632 909 120 chio cominciai come ꝑsona francha.

1644 1697 730 123 O pietosa colei che mi soccorse.

1697 1796 748 99 Et te cortese chubbidisti tosto.

1685 1851 760 118 Alle uere parole chetti porse.

1614 1941 887 114 Tu mai con disiderio il cor disposto.

1691 2012 730 99 Si al uenir colle parole tue.

1700 2093 860 117 chi son tornato nel primo proposto.

1635 2167 983 117 Or ua chun sol uolere /e/ in ambendue.

1703 2247 956 127 ⟦Du⟧ Tu duca tu signore et tu maestro.

1697 2324 779 118 Cosi li dissi et poi che mosso fue.

1663 2405 853 111 Intrai ꝑ lo camin alto et siluestro.

1830 2612 816 127 Er me si ua nella cita dolente.

1833 2720 767 93 per me si ua nelleterno dolore.

1830 2791 810 102 per me si ua tralla ꝑduta gente.

1638 2856 894 121 Giustiçia mosse il mio alto factore.

1706 2943 724 114 fecemi la diuina podestate.

1694 3011 915 139 La somma sapiença el primo amore.
