2998 3746
215 352 803 159 Dinançi a me non fur cose create.

271 490 768 81 Se non eterne et io eterno duro.

284 552 893 109 Lasciate ogni sperança uoi chentrate.

218 611 753 122 Quᷨeste parole di colore oscuro.

284 702 837 118 Uidi io scripte al som̃o duna porta.

274 774 903 115 Per chio maestro il senno lor me duro

209 845 896 125 Et quegli a me come ꝑsona acorta.

265 939 865 109 Qui si cõuien lasciar ogni sospetto.

271 1008 918 122 Ogni uilta conuien che qui sia morta.

212 1073 893 125 Noi siam uenuti alloco ouio to detto.

268 1155 759 112 Che tu uedrai le genti dolorose.

268 1229 834 110 Channo ꝑduto il ben dellontellecto.

218 1301 912 134 Et poi chelle sue mani alle mie puose.

268 1386 856 124 Con lieto uolto ondio mi confortai.

274 1467 878 118 Mi mise dentro alle secrete cose.

212 1542 865 124 Quiui sospiri pianti et alti guai.

271 1626 747 112 Risonauan ꝑ laer sença stelle.

259 1707 924 91 Per chio al cominciar ne lagrimai.

224 1773 890 109 Diuerse lingue orribile fauelle.

274 1848 765 112 Parole di dolore accenti dira.

274 1926 1015 109 uoci alte et fioche et suon diman con elle.

237 2000 877 122 Facean un tumulto il qual sagira.

274 2082 978 109 Semprenquellaer sença tempo tinta.

271 2153 893 119 Come la rena quando al turbo spira.

231 2225 877 116 Et io chauea derror la testa cinta.

271 2306 762 119 dissi maestro che /e quel chi odo.

271 2384 981 125 Et che gente /e/ che par nel duol si uinta.

215 2462 849 128 Et egli ad me questo misero modo.

271 2547 806 118 Tenghon lanime triste di coloro.

271 2619 856 118 Che uisser sença fama et sença lodo.

243 2690 834 113 Miͨschiate sono ad quel cattiuo choro.

281 2765 833 113 Delgli angeli che non furon ribelli.

652 2850 106 59 a dio

281 2846 777 128 Ne furon fedeli ‸ ma perse fuoro.

237 2915 871 128 Chaccian li cieli ꝑ nõ esser men belli

284 3006 802 112 Ne/ il profondo inferno li riceue.

277 3062 915 147 chalcuna gloria i riei aũebbon delli.

1286 352 84 72 .iii.

1345 396 307 100 Et io ma

2036 396 153 103 eue.

1411 455 269 119 Allor che

1983 462 262 93 fa si forte.

1411 524 809 119 Rispuose dicero⟦⟧breue.

1349 611 899 106 Questi non anno sperança di morte.

1405 689 912 113 Et la lor ciecha uita /e/ tanto bassa.

1405 764 874 100 che inuidiosi son dogni altra sorte.

1367 842 869 110 Fama di loro il mondo esser nõ lassa.

1414 917 918 116 Misericordia et giustiçia li disdegna.

1414 998 1018 132 Non ragionar di lor ma guarda et passa.

1349 1073 968 122 Et io che riguardai uidi una insegna

1411 1164 821 90 Che girando correa tanto ratta.

1411 1233 859 112 Che dogni posa mi parea indegna.

1361 1304 903 116 Et dietro le uenia si lungha tracta.

1349 1382 858 119 Di gente che io nõ aurei creduto.

1414 1473 875 106 Che morte tanta nauesse disfacta.

1367 1542 978 118 Posciͩa chio nebbi alcun ricognosciuto.

1427 1620 830 115 uidi et cognobbi lombra di colui.

1414 1698 837 115 che fece ꝑ uilta il gran rifiuto.

1380 1776 852 112 Incõtenente intesi et certo fui.

1414 1848 828 115 Che questa era la setta de cattiui.

1399 1926 808 109 A dio spiacenti et a nimici suoi.

1367 2004 1034 121 Questi sciagurati che mai nõ fur uiui.

1420 2082 931 100 Erano ingnudi et stimolati molto.

1420 2157 900 121 da moschoni et da uespi cheran iui.

1370 2231 925 113 Elle riganuan lor di sanguel uolto.

1420 2306 981 122 Che mischiate di lagrime a lor piedi.

1414 2388 790 118 da fastidiosi uermi era ricolto.

1349 2466 974 118 Et por cha riguadar oltra mi diedi.

1427 2547 921 115 Uidi gente a riua dun gran fiume.

1420 2625 912 115 Per chio dissi maestro ormi concedi.

1361 2700 937 118 Chio sappi quali sono o qual costume

1417 2778 859 115 Le fa di trapassar parer si pronte.

1424 2846 783 122 Comio discerno ꝑ lo fioco lume.

1367 2928 872 118 Et egli a me le cose ti fien conte.

1427 3003 962 134 Quando noi fermeren gli nostri passi.

1420 3081 794 140 Sula trista riuera da charonte.
