2990 3710
541 290 405 124 Allor col gliocchi

587 392 439 96 Temendo nel

1332 392 133 99 graue

587 460 850 136 Infino al fiume del parlar mi trassi.

528 544 807 111 Et ecco uerso noi uenir ꝑ naue.

596 615 885 130 Un uecchio biancho ꝑ anticho pelo.

587 686 925 127 Gridando guai ad uoi anime praue.

528 754 823 136 Non isperate mai ueder lo cielo.

593 844 897 117 Io uegno ꝑ menarui alaltra riua.

587 915 977 133 Nelle tenebre eterne in caldo engielo.

525 1007 810 106 Et/ tu che se costi anima uiua.

596 1075 838 118 Partiti da cotesti che son morti.

590 1150 931 129 Ma poi che uide chio nõ mi partiua.

528 1227 860 130 Disse ꝑ altra uia et ꝑ altre porti.

590 1313 875 121 Uerrai a piaggia nõ qui ꝑ passare.

584 1375 918 136 Piu lieue legno cõuien che ti porti.

519 1456 962 114 El duca allui caron nõ ti crucciare.

581 1533 739 124 Uuolsi cosi cola doue si puote.

565 1607 1027 133 Cio che si uuole et piu non dimandare.

510 1691 909 111 Qui ci furon chete le lanose ghote.

572 1768 822 105 Al nocchier della liuida palude.

575 1842 1035 118 Chen torno agliocchi auea di fiãme rote.

528 1913 1021 136 Ma quelle anime cheran lasse et nude.

581 2003 918 99 Cangiar colore et dibattero i denti.

575 2074 887 121 Ratto chenteser le parole crude.

513 2148 1005 118 Biastemiauano iddio et lor parenti.

572 2229 1008 129 Lumana speçie illuogo el tẽpo el seme.

581 2309 915 114 Di lor semẽça et di lor nascimenti.

516 2386 955 130 Por si ritrasser tutti quanti insieme.

575 2467 983 102 forte piangendo alla riua maluagia.

568 2541 1049 124 chatende chiaschun huom chadio nõ crede

488 2612 989 117 Charon demonio cogliocchi di bragia.

568 2689 903 115 loro accennando tutti gli racoglie.

572 2757 881 136 Batte col remo qualũque sadagia.

504 2835 905 129 Come dautunno si leuan le foglie.

568 2918 971 121 luna dallaltra apresso infin chel ramo.

572 2995 878 130 Vede alla terra tutte le sue spoglie.

1598 234 183 102 inferno.

1660 309 906 123 Similemẽte il mal seme dadamo.

1709 401 903 102 Gittansi di quel lito ad una ad una.

1712 479 999 123 Per cenni si come ucciel ꝑ suo richiamo.

1654 556 856 121 Cosi sen uanno su ꝑ londa bruna.

1719 639 801 112 Et auanti che sien di la discese.

1712 707 928 127 Anche di qua nuoua schiera saduna.

1675 785 931 130 Figliuol mio disse il maestro cortese.

1712 865 872 111 Quegli che muoion nellira di dio.

1709 952 820 111 Tutti ueghon qui dogni paese.

1663 1029 891 111 Et pronti sono ad trapassar lo rio.

1712 1091 897 124 che la diuina giustiçia gli sprona.

1700 1177 820 124 Si che lla tema si uolge in disio.

1660 1245 977 130 Quinci nõ passa mai anima buona.

1706 1326 841 127 Et peron charon dite si lagna.

1703 1400 1014 127 Ben puo saper omai chel suo dir suona.

1657 1480 872 130 Finito questo la buia campagna.

1697 1555 866 114 Tremo si forte che dello spauento.

1675 1632 981 114 La mente di sudor anchor mi bagna.

1651 1700 896 127 La terra lagrimosa diede uento.

1703 1783 881 127 Che baleno una luce uermiglia.

1675 1864 940 111 La qual mi uinse ogni sentimẽto.

1635 1935 999 142 Et caddi come luom chel sonno piglia.

1842 2173 804 117 uppemi lalto sonno nella testa.

1839 2241 888 139 un grande truono si chio mi riscossi.

1830 2331 822 129 Come ꝑsona che ꝑ força e desta.

1644 2408 869 120 Et locchio riposato intorno mossi.

1709 2482 863 102 diricto leuato et fiso riguardai.

1709 2553 801 115 per cognoscer lo loco dovio fossi

1666 2621 915 121 Vero e chen sulla proda mi trouai.

1706 2702 727 117 della ualle dabisso dolorosa.

1703 2776 878 117 Che trono accoglie dinfiniti guai.

1644 2850 931 127 Obscura profonda era et nebulosa.

1697 2933 887 118 Tanto che ꝑ ficchar lo uiso al fondo.

1703 3011 835 148 Io nõ ui/ discernea alcuna cosa.
