2983 3770
553 449 760 110 El meçço del camin di nostra uita.

540 512 789 116 Mi ritrouai ꝑ una selua obscura,

562 590 802 120 Chella diricta uia era ismarrita.

264 659 870 132 Et quanto a dir qual era /e/ cosa dura.

314 747 977 123 Questa selua seluaggia et aspra et forte.

320 826 726 113 che nel pensier rinoua la paura

270 892 899 107 Tanto /e/ amara che pocho /e/ piu morte.

314 967 820 116 Ma ꝑ parlar del ben chio ui trouai.

295 1049 761 103 diro dellalte cose chio uo scorte.

270 1121 849 119 Ioͨ nõ so ben ridir comio uentrai.

295 1200 868 119 Tantera pien di sonno ad quel punto.

304 1275 739 107 chella uerace uia abbandonai.

251 1360 949 119 Ma ᶠpoi chio fui a pie dun colle giunto.

311 1426 817 122 La doue terminaua quella ualle.

311 1504 896 110 che mauea di paura il cor cõpunto.

251 1577 930 106 Guardai in alto et uiddi le sue spalle.

320 1661 836 110 Uestite gia del raggio del pianeta.

320 1731 887 119 che mena dricto altrui ꝑ ogni calle.

260 1809 815 110 Allor fu la paura un poco cheta.

326 1881 846 120 che nel lagho del cor mera durata.

308 1960 905 104 La nocte chio passai con tanta pieta.

267 2035 958 120 Et come quei chai londa a affannata.

320 2111 799 113 Uscito fuor del pelagho alla riua.

317 2189 962 116 Si uolge allacqua perigliosa et guata.

317 2265 962 103 osi lanimo mio chancor fuggiua

330 2346 842 107 si uolse a rietro ⟦⟧irar lo passo

320 2406 896 119 che nõ lascio gia mai ꝑsona uiua.

320 2481 689 123 oi chebbi posato il corpo lasso

323 2557 871 122 Ripresi uia ꝑ la piaggia diserta.

320 2632 946 123 Si chel pie fermo sempre era il piu basso.

326 2711 871 125 tʰ ecco quasi al cominciar dellerta.

323 2786 909 123 una lonça leggiera et presta molto.

320 2871 833 91 Che di pel macolato era coperta.

333 2931 839 116 t nõ misi partia dinançi al uolto.

308 3012 899 104 Ançi inpedia tanto il mio cãmiño.

323 3088 884 157 chio fui ꝑ ritornar piu uolte uolto.

1383 461 308 101 Tempera de

1433 505 342 113 el sol monta

1414 581 858 113 cheran collui ⟦⟧ diuino.

1398 650 748 129 Mosse di prima quelle cose belle.

1398 728 858 110 Siᵐ cha bene sperar meran cagione.

1414 810 767 116 di quella fiera la gaiecta pelle.

1357 885 909 117 Lora del tempo et la dolce stagione.

1480 961 673 116 Ma nõ si che paura nõ mi desse.

1420 1027 849 129 La uista che mi apparue dun leone.

1405 1118 779 116 Questi parea contra me uenisse

1439 1187 861 123 Colla testa alta et con rabbiosa fame.

1449 1266 785 110 Si che parea che laria ne temesse.

1383 1341 833 113 Et uͦna lupa che di tutte brame.

1442 1420 902 119 sembraua carca nella sua magreçça

1445 1508 890 106 Et molti genti fe gia uiuer grame.

1395 1577 868 116 Questa mi porse tanto di graueçça.

1449 1655 785 116 Colla paura chuscia di sua uista.

1452 1731 795 119 chi perdei la sperãça dellalteçça.

1405 1800 971 119 Et qͣuale /e/ que che uolentieri acquista

1458 1878 968 120 Et giungne al tempo che perder lo face.

1452 1976 1037 94 chen tucti i suoi pensieri piange et satrista.

1383 2032 804 120 Tal mi fece la bestia sença pace.

1458 2111 899 122 che uenẽdomi incontro a poco a poco

1452 2177 760 119 Mi ripingea la douel sol tace.

1392 2249 912 129 Mentre chio ruuinaua in basso loco.

1461 2334 824 129 dinaççi agli occhi misi fu offerto.

1461 2412 789 126 chi ꝑ lungo silenço parea fioco.

1389 2481 968 136 Quͨandio uiddi costui nel gran diserto.

1464 2569 704 113 Miserere di me gridai allui.

1452 2645 971 119 Qualche tu sii o dombra o domo certo

1379 2708 915 128 Riͩspuosemi nõ homo homo gia fui

1452 2802 861 110 Et li parenti miei furon lombardi

1452 2890 848 100 Mantouani ꝑ patria ambendui

1398 2940 981 132 Nacqui sub giulio ancor che fosse tardi.

1452 3041 949 81 Et uissi a roma sotto el buono augusto.

1461 3097 931 145 Nel tempo delli dei falsi et bugiardi.
