2990 3710
513 330 368 90 Poeta fui e

568 392 313 115 figliuol d

1178 401 318 115 ⟦⟧ di troia.

553 463 291 121 poi chel su⟦⟧

1128 491 254 124 conbusto.

488 541 915 136 Ma tu ꝑche ritorni ad tanta noia.

547 615 844 120 che non sagli al dilectoso monte.

550 686 992 142 che principio et cagion di tucta gioia.

497 763 1011 142 Orᷫ se tu quel uirgilio et quella fonte

544 844 890 142 che spandi di parlar si largo fiume.

500 915 1055 148 Rispuosi io allui con uergognosa frõte.

473 995 940 133 O delgli altri poeti honore ⁊ lume.

538 1069 1029 149 Uagliami illungo studio el grande amõe

528 1171 860 112 che ma facto cercar lo tuo uolume.

457 1230 983 133 Tu se il mio maestro el mio auctore.

519 1310 779 118 Tu se solo colui da chui io tolsi.

525 1378 850 130 Lo bello stile che ma facto honore.

482 1449 832 133 Ueͪdi la bestia ꝑ chui io mi uolsi.

528 1539 841 127 Aiutami da lei famoso et saggio.

507 1610 902 139 chella mi fa tremar le uene e polsi.

454 1688 903 123 Ad te ꝯuien tener altro uiaggio.

519 1768 931 117 Rispuose poi che lagrimar mi uide.

519 1839 1008 139 Se uuoi campar desto luogo seluaggio.

435 1916 968 127 Che questa bestia ꝑ la qual tu gride.

519 2000 884 105 Nõ lascia andar altrui ꝑ la sua uia.

519 2074 853 121 Ma tanto lonpedisce che luccide.

457 2154 922 99 Et /ᷜa/ natura si maluagia et ria.

519 2232 940 99 che mai nõ empie la bramosa uoglia.

519 2306 894 127 Et dopol pasto a piu fame che pria.

451 2380 992 121 Molti soᷝn gli animali a chui samoglia.

513 2464 971 114 Et piu seranno ancor infin chel ueltro.

519 2535 866 126 Uerra chella fara morir di doglia.

463 2615 857 124 Coͣstui nõ cibera terra ne peltro.

516 2714 856 93 Ma sapiença amore et uirtute.

463 2770 1021 114 Et su⟦⟧ natura fia tra feltroͩ et feltro.

466 2838 909 123 Diͨ questa humile i⟦⟧lia fia salute.

522 2921 887 115 pᷫer chui mori la uergine camilla.

522 2995 891 133 Curialo et turno et niso di ferute.

1614 340 748 129 Quᷚesti la caccera ꝑ ogni uilla.

1663 420 857 133 fin chellaura rimessa nellonferno.

1660 500 890 136 La onde inuidia prima dipartilla.

1601 571 974 143 Onͪdio ꝑ lo tuo meglio penso et discerno.

1660 646 869 133 che tu mi segui et io saro tua guida.

1598 726 841 121 Et trarocti di qui ꝑ luogo eterno.

1598 791 819 130 Onde udirai le dispietate strida.

1663 878 813 126 uedrai gli antichi spiriti dolenti.

1641 952 937 136 cha la seconda morte ciaschun grida.

1598 1020 853 139 Etͥ uederai color che son contenti.

1654 1100 797 133 Nel fuoco ꝑche speran di uenire.

1573 1181 897 129 Quando che sia alle beate genti.

1570 1255 860 139 Alleͪ qual poi se tu uorrai salire.

1663 1335 863 133 Anima fia accio piu di me degna.

1648 1415 816 115 coᷝllei ti lascero nel mio partire.

1592 1477 999 143 Cheʳᵃ quello imperador che lasu regna.

1654 1567 924 124 Per chio fu ribellante alla sua legge.

1644 1641 1008 127 Non uuol chen sua citta ꝑ me si uegna.

1629 1718 968 124 In tutte parti impera et quiui regge.

1648 1793 936 130 Quiui /e/ la sua citta et lalto seggio.

1635 1864 770 133 o felice colui chui iui elegge.

1576 1944 854 121 Et io allui poeta io ti richeggio.

1651 2018 964 121 Per quello iddio cheᷤ tu non cognoscesti.

1626 2086 1020 143 Accio chio fuggha questo male et peggio

1604 2161 826 120 Che tu mi meni la doue dicesti.

1641 2238 909 133 Si che io ueggia la porta di san pietro.

1648 2321 850 121 Et color che tu fai cotanto mesti.

1576 2392 928 133 Allor si mosse et io li tenni dietro.

1743 2615 900 124 O giorno senandaua allaere bruno.

1740 2695 912 130 Togleua gli animali che sono in terra.

1623 2773 893 117 dalle fatiche loro et io solo uno.

1610 2856 931 121 Maparecchiaua a sostener la guerra.

1651 2930 847 112 Si del chammin et si della pietate.

1644 3017 885 142 che ritrarra la mente che nõ erra.
