1972 2668
431.0 386.0 514.0 87.0 serrando ⁊ diserrando si soavi

411.0 437.0 534.0 87.0 Che del segreto suo ogni uomo tolsi

459.0 492.0 433.0 65.0 fede portay al glorioso ofitio

410.0 572.0 527.0 69.0 La meritrice che mai dallospitio

464.0 535.0 479.0 62.0 tanto chi ne ꝑde i sensi e polsi

450.0 622.0 503.0 65.0 di cesare nõ torse gli occhi putti

456.0 672.0 488.0 58.0 morte comuna della corto uitio

400.0 698.0 568.0 86.0 Infiam̃o contram̃e gli animi tutti

453.0 757.0 525.0 67.0 ellinfiam̃ati infiamar si aghusto

446.0 800.0 522.0 64.0 che lieti honori tornaro ĩ tristi lutti

379.0 849.0 584.0 67.0 Lanimo mio ꝑ disdegnoso ghusto

456.0 896.0 522.0 68.0 credendo col morir fuggir disdegno

453.0 945.0 487.0 67.0 ingiusto fece me cõtrame giusto

403.0 990.0 461.0 75.0 Per le noue radici desto legno

455.0 1036.0 477.0 66.0 ui giuro che giam̃ai nõ ruppe fede

453.0 1079.0 506.0 60.0 al mio signore che ffu donor si degno

369.0 1125.0 559.0 62.0 Chesse di uoi alcun nel mõdo crede

453.0 1167.0 509.0 57.0 conforti la menoria mia che giace

450.0 1210.0 501.0 61.0 ancor del colpo che inuida li diede

397.0 1249.0 535.0 68.0 Un poco attese ⁊ poi da ꝗel si tace

447.0 1299.0 482.0 64.0 dissel poeta am̃e nõ ꝑder lora

450.0 1351.0 498.0 66.0 ma parla ⁊ di allui se piu ti piace

370.0 1391.0 562.0 67.0 Ondio allui domanda tu ancora

450.0 1445.0 481.0 63.0 di ꝗel che credi cham̃e sodisfaccia

450.0 1494.0 478.0 65.0 io nõ posso tanto pieta machora

389.0 1531.0 530.0 76.0 Pero ricomincio selluom ti faccia

444.0 1581.0 510.0 61.0 liberamẽte ciocchel tuo dir pregha

443.0 1627.0 519.0 62.0 ispirito incharcerato ancor ti piaccia

386.0 1667.0 487.0 73.0 Di dirmi come lanima si legha

446.0 1716.0 483.0 68.0 ĩ ꝗesti tronchi ⁊ diñe settu puoi

447.0 1758.0 514.0 111.0 salcuna mai da tuo menbra si spiegha

1026.0 379.0 505.0 104.0 Allor soffio il troncho forte ⁊ poi

1071.0 469.0 481.0 52.0 si conuerti ꝗel uento in cotal uoce

1066.0 500.0 458.0 61.0 brieuemente sara risposto a uoi

1017.0 539.0 446.0 65.0 Quando si parte lanima feroce

1064.0 582.0 478.0 61.0 del corpo ondella stessa se disuelta

1066.0 632.0 502.0 54.0 minos la manda alla settima foce

1019.0 662.0 527.0 62.0 Chade nella selua come parte scielta

1063.0 708.0 459.0 61.0 malla doue fortuna la balestra

1064.0 754.0 549.0 59.0 chade ⁊ giermuglia come gran di spelta

1021.0 794.0 566.0 59.0 Surgie in uermena ⁊ pianta siluestra

1060.0 838.0 520.0 69.0 larpie pasciendo poi delle suo fogle

1060.0 884.0 476.0 58.0 fanno dolore ⁊ al dolor sinestra

1012.0 920.0 534.0 69.0 Come laltre uene ꝑ nostre spoglie

1063.0 972.0 467.0 49.0 ma ꝑcio che alcuna sen riuesta

1058.0 1007.0 521.0 58.0 che non e giusto auer ciocche huõ si tolle

1003.0 1044.0 517.0 72.0 Qui gli strascineremo ꝑ q̃sta mesta

1058.0 1090.0 454.0 70.0 se tua saraño i nostri corpi appessi

1057.0 1126.0 559.0 68.0 ciascuno al pruno di sua ombra mollesta

997.0 1172.0 561.0 62.0 Noi erauamo ancora al troncho attesi

1057.0 1218.0 427.0 61.0 credendo che altro uolesse dire

1048.0 1251.0 530.0 89.0 ꝗando noi fumo da un romor sopresi

1009.0 1304.0 442.0 52.0 Similemente colui che uenire

1054.0 1342.0 510.0 57.0 sente il porcho alla caccia a sua posta

1052.0 1387.0 479.0 53.0 che ode le bestie elle frasche scoprire

997.0 1427.0 484.0 65.0 Ed eccho due dalla sinistra costa

1051.0 1473.0 516.0 65.0 ingnudi ⁊ graffiati fuggiendo si forte

1051.0 1514.0 566.0 74.0 che della selua rompieno ogni rosta

1000.0 1557.0 530.0 57.0 Quel dinançi acorri acorri morte

1046.0 1602.0 539.0 61.0 ellaltro chui parea tardar troppo

1049.0 1645.0 512.0 59.0 gridando alano siño furo acorte

1000.0 1682.0 528.0 68.0 Le ghanbe tue alle giostre del toppo

1063.0 1729.0 391.0 58.0 ⁊ poi che forse li falli la lena

1026.0 1766.0 467.0 95.0 di se ad un ciespuglio fece groppo
