1972 2668
306.0 412.0 499.0 65.0 Dietro alloro era la selua piena

360.0 468.0 449.0 41.0 di nere cangne bramose ⁊ cor̃enti

364.0 499.0 424.0 59.0 come ueltri chuscisẜ di chatena

369.0 538.0 412.0 59.0 nꝗel chessi apiatto miẜ li denti

370.0 578.0 439.0 59.0 ⁊ qel dilaceraro a brano a brano

366.0 616.0 431.0 59.0 poi sen portar q̃lle menbra doleti

306.0 652.0 497.0 63.0 Presemi allor la mia scorta ꝑmano

370.0 683.0 484.0 72.0 ⁊ menom̃i al ciespuglio che piãgiea

355.0 742.0 441.0 46.0 ꝑ le rotture sanguinose inuano

329.0 770.0 456.0 60.0 A giacomo dicea di santo andrea

369.0 807.0 453.0 52.0 chette giouato di me fare schermo

366.0 846.0 450.0 52.0 che colpa o/ io della tuo uita rea

300.0 890.0 530.0 52.0 Quandol maestro fu souresso fermo

363.0 927.0 455.0 57.0 dire chi fosti che ꝑ tante punte

373.0 964.0 410.0 63.0 fai si con sangue doloroso ẜmo

309.0 1004.0 427.0 67.0 Elli am̃e o anime che giunte

373.0 1044.0 426.0 57.0 sete a ueder lo stratio disonesto

380.0 1089.0 445.0 58.0 challe mie fronde si dam̃e digiũte

318.0 1138.0 494.0 64.0 E acoglietelo al pie del tristo ciesto

375.0 1175.0 360.0 53.0 i fui della citta che il batista

373.0 1213.0 473.0 72.0 mutol primo padrone onde ꝑ q̃sto

308.0 1255.0 483.0 64.0 Sempre collarte sua la fara trista

369.0 1301.0 452.0 65.0 ⁊ seño fosse chen sul passo darno

369.0 1347.0 439.0 49.0 rimane ancor dilui alcuna uista

299.0 1384.0 522.0 59.0 Que cittadini che poi la rifondarno

380.0 1431.0 394.0 60.0 soural tener che datila rimase

367.0 1482.0 432.0 38.0 aureber fatto lauorare indarno

367.0 1514.0 423.0 49.0 fei giubetto am̃e delle mie chase

362 1547 530 69 Canto .xiiii. oue tratta della ꝗalita

353 1583 537 64 ͩͤͥͩ del terço girone contenuto nel settimo

367 1636 546 62 cierchio ⁊ qui si puniscie coloro che fa ̶

370 1673 531 65 no força nella deytade neghando ⁊

369 1711 527 65 bestem̃iando ⁊ nomina ꝗi ispetial

375 1759 554 105 mẽte Re kampaneo iscielarato ĩ qsto pecato

990.0 382.0 496.0 102.0 Oi chella⟦⟧ charita del natio loco

986.0 471.0 411.0 53.0 mi strinse raunai le fronde sparte

941.0 540.0 443.0 66.0 Indi uenimo al fine onde si parte

977.0 509.0 396.0 53.0 ⁊ rendelle a colui chera gia fioco

968.0 589.0 443.0 60.0 lo secondo girone dal terço ⁊ doue

941.0 653.0 476.0 80.0 A ben manifestare le chose noue

977.0 622.0 400.0 67.0 si uede di giustitia oribile arte

974.0 702.0 432.0 71.0 dicho che ariuamo ad una landa

939.0 775.0 425.0 87.0 La dolorosa selua le grillanda

977.0 751.0 509.0 71.0 che dal suo letto ogni pianta rimoue

988.0 831.0 436.0 78.0 intorno come a fosso tristo dessa

977.0 884.0 507.0 65.0 ꝗi fermamo i passi a randa a randa

941.0 933.0 532.0 65.0 Lo spatio era una rena arida e spessa

961.0 971.0 485.0 69.0 non daltra foggia fatta che colei

972.0 1018.0 465.0 71.0 cheffu da pie y chagia soppressa

932.0 1069.0 467.0 62.0 O uendetta di dio ꝗuanto tu dei

986.0 1111.0 478.0 60.0 esẜ temuta da ciascun chelleggie

928.0 1182.0 568.0 85.0 Danime nude uidi molte greggie

983.0 1156.0 512.0 64.0 ciocche fu manifesto agli occhi miei

990.0 1233.0 543.0 83.0 che piangeuano assai tutte miserameñte

963.0 1285.0 483.0 71.0 ⁊ parie posta lor diuersa leggie

939.0 1316.0 518.0 73.0 Supin giacea interra alcuna giẽte

983.0 1376.0 419.0 55.0 alcuna si sedea tutta raccolta

988.0 1405.0 512.0 66.0 ⁊ altra andaua continuamente

932.0 1449.0 565.0 78.0 Quella che giua intorno era piu molta

983.0 1500.0 490.0 67.0 ⁊ q̃lla meno che giaceual tormẽto

981.0 1549.0 543.0 56.0 ma piu di duolo auea la lingua sciolta

939.0 1585.0 585.0 71.0 Sopra tuttol sabione dun chader lento

983.0 1638.0 416.0 67.0 piouea di foco dilatate falde

965.0 1676.0 503.0 58.0 come di neue in alpre sança uento

923.0 1716.0 550.0 84.0 Quale allexandro ĩ q̃lle parti calde

974.0 1767.0 419.0 100.0 dindi auide sopral suo stuolo
