2656 3992
297 525 759 89 Or ci actristian nella belletta negra

363 585 773 106 questymno lor gorgogla/ nella stroçça

366 652 747 95 che dir nol posson con parola ĩtegra.

308 727 666 82 Cosi girãmo della lorda poçça

368 776 723 91 grandarco tra la ripa secca el meçço

366 842 774 98 cogliocchi uolti a chi del fango ĩgoçça.

252 901 959 110 Uenimo al pie duna torre al da seçço.

366 975 736 91 Canto .uiii. doue tracta del quinto

372 1042 719 89 cerchio del inferno ⁊ alquanto del

370 1093 732 104 sexto. Et della pena del peccato del

363 1173 755 95 Lira. maximamente in ꝑsona duno

368 1241 739 83 chaualiere fiorentino. chiamato

374 1292 755 107 mesẜ filippo argenti. Et del dimoĩo

348 1355 768 106 Flegias. ⁊ della palude distige. ⁊ del

330 1423 814 87 ꝑuenire a la citta dinferno detta dite.

529 1487 605 86 o dico seguitando cassai pⁱma

519 1552 708 91 che noi fossimo al pie de lalta torre

479 1623 805 90 gli occhi nostri nandar suso a la cima.

269 1650 882 129 Per due fiammette che i uedem̃o porre

377 1747 668 91 ⁊ unaltra di lungi render cenno

383 1823 757 82 tanto cappena il potea locchio torre.

281 1874 837 86 Et io mi uolsi al mar di tutto lsenno

379 1936 717 93 dissi questo che dice ⁊ che risponde

379 1998 808 102 quellaltro foco ⁊ chi son quei chel feño.

328 2066 634 98 Et elli a me su ꝑ le sucide onde

383 2133 728 102 gia scorger puoi quello che saspecta

383 2200 768 97 sel fummo del pantan nol ti nascõde.

330 2262 748 95 Corda non pinse mai da se saecta

390 2330 663 96 che si cõresse uia ꝑ laere snella

394 2395 746 88 comio uidi una naue piccioletta.

337 2455 761 91 Uenir ꝑ lacqua uerso noi in quella

394 2526 679 95 socto il gouerno dun sol galeocto

397 2594 754 93 che gridaua/ or se giunta aĩa fella

312 2652 724 95 Flegias Flegias tu gridi a uoto

401 2712 726 95 disse lo mio segnore a questa uolta

390 2772 883 122 piu non ci aurai/ che sol passando il loto.

1222 507 828 94 Quale colui che grande ĩgano ascolta

1298 574 681 91 chelli sia facto ⁊ poi se ne ramenta

1224 694 713 99 Lo duca mio discese nella barcha

1295 643 630 88 fecesi Flegias nellira accolta.

1295 769 670 93 ⁊ poi mi fece intrare apresso lui

1184 884 773 104 Tosto chel duca ⁊ io nel legno fui

1293 836 777 93 ⁊ sol quandio fu dentro parue carcha

1304 964 626 82 segando se ne ua/ lantica prora

1229 1097 787 67 Mentre noi corrauam/ la morta gora

1298 1022 752 95 dellacqua piu che nõ suol cõ altrui.

1302 1157 732 93 dinançi mi si fece un pien di fango

1298 1221 698 87 ⁊ disse chi se tu che uieni ancora.

1240 1284 741 84 Et io allui si uengno nõ rimango

1304 1350 704 87 ma tu chi se/ che si se/ facto bructo

1306 1414 759 100 rispuose uedi/ che son un che piãgo.

1201 1477 812 93 Et io a lui con piangere ⁊ cõ lucto

1298 1543 525 87 spirto maladecto ti rimani

1274 1600 749 79 chio ti conosco ancor sie lordo tutto

1194 1663 839 106 Allor distese a legno ambo le mani

1306 1732 702 95 ꝑ chel maestro accorto lo sospinse

1306 1809 713 73 dicendo uia/ costa con li altri cani.

1260 1856 756 95 Lo collo poi con le braccia mi cinse

1318 1918 856 111 basciommi il uolto ⁊ disse alma dengnosa

1320 1991 612 84 benedecta colei chen te si cinse.

1249 2053 801 102 Quei fu al mondo ꝑsona orgolliosa

1320 2124 736 93 bonta non e/ che sua memoria fregi

1320 2184 701 102 cosi se/ lombra sua qui furiosa.

1251 2251 816 93 Quanti si tengono or la su gran regi

1318 2317 756 95 che qui staranno come porci ĩ biago

1313 2370 708 111 dise lasciando orribili dispregi.

1260 2443 701 89 Et io maestro molto sarei uago

1322 2503 717 100 di uederlo actuffare in q̃sta broda

1320 2577 688 88 pͥma che noi uscissomo del lago.

1218 2636 759 91 Et elli a me auante che la proda

1324 2701 655 91 ti si lasci uedere tu sarai/ satio

1291 2758 721 120 di tal disio conuerra che tu goda.
