2656 3992
337 516 783 107 Tal che ꝑ lui ne fia la terra aꝑta.

392 596 739 89 Canto .uiiii. Tracta ⁊ dimostra del

379 660 734 89 la cittade cha nome dite la qual sie

386 727 741 91 nel .uiͦ. cerchio del inferno. e uedesi

381 791 737 89 in essa la qualita delle pene delli e

401 860 732 82 retici. Et dichiara in questo canto

408 922 719 82 uirgilio a dante una questione.

397 986 750 94 ⁊ rendelo sicuro dicendo se/ esẜui stato

388 1051 404 77 dentro altra fiata.

585 1104 573 93 uel color che uilta di fuor mi pĩse

552 1174 666 93 ueggendo il duca mio tornare ĩ uolta

545 1237 676 110 piu tosto dentro il suo nouo ristĩnse.

341 1306 708 88 Actento si fermo / comuom chascolta

397 1370 741 87 che locchio nol potea menare a lunga

394 1426 653 97 ꝑ laere nero ⁊ ꝑ la nebbia folta.

326 1490 779 106 Pur a noi conuerra / uincer la punga

394 1556 588 94 comĩcio el seño tal ne soferse

394 1623 739 100 o quanto tarda me caltri qui giũga.

332 1673 576 116 I uidi ben si comei ricoperse

390 1752 737 82 il cominciar collaltro che poi uenne/

392 1811 657 89 che fur parole a le pͥme diuerse.

332 1871 790 89 Ma non di men paura il suo dir diẽne

392 1942 644 85 ꝑ chio traeua/ la parola tronca

392 2011 741 84 forse a piggior sententia che nõ teñe.

346 2055 742 97 In questo fondo della trista concha

386 2133 705 93 discende mai alcun di primo grado

388 2197 688 96 che sol ꝑ pena la sperança cioncha.

328 2257 741 98 Questa question fecio ⁊ quei di rado

397 2328 577 89 incontra mi rispuose che di noi

397 2379 765 102 faccia il cammino alcuy ꝑ qualio uado.

346 2446 612 91 Uer e/ caltra fiata qua giu fui

394 2514 684 85 congiurato da quella Ericon cruda

390 2574 710 96 che richiamaua lombre a corpi sui.

332 2641 657 93 Di poco era di me la carne nuda

392 2705 732 87 chella mi fece intrar dentro quel muro

394 2774 735 115 ꝑ trarne un spirto del cerchio di giuda.

1242 525 739 107 Quel e/ il piu basso loco ⁊ piu oscuro

1309 603 712 93 el piu lontan dal ciel che tucto gira/

1313 665 666 95 ben so il cammin ꝑo ti fa sicuro.

1249 729 810 102 Questa palude chel gran puçço spira

1320 800 654 80 cinge dintorno la citta dolente

1309 871 750 95 u non potremo/ intrare omai sançira.

1258 918 681 91 Et altro disse ma nõ lo/ a mente

1315 989 684 86 ꝑo che locchio mauea/ tucto tracto

1309 1049 681 75 uer lalta torre a la cima rouente.

1244 1104 777 93 Doue in un puncto furon dricte racto

1304 1182 692 84 tre furie infernal di sangue tincte

1295 1241 730 69 che membra feminine auieno ⁊ acto.

1251 1304 723 75 Et con ydre uerdissime eran cincte

1306 1368 651 91 ẜpentelli ⁊ ceraste auien ꝑ crine

1302 1434 677 82 di che le fiere tempie eran auinte.

1258 1483 742 90 Et quei che ben conobbe le meschine

1302 1559 628 88 della regina dellecterno pianto

1306 1625 648 91 guarda/ mi disse le feroce cline.

1240 1689 750 83 Queste/ megera dal sinistro canto

1304 1752 735 84 quella che piange/ dal dextro e/ alecto

1304 1816 726 73 tesifon e/ nel meçço ⁊ tacque a tanto.

1249 1878 799 95 Con lunghie si fendea/ ciascuna il petto

1306 1947 728 82 bactiensi a palme ⁊ gridauan si alto

1271 2011 706 98 chi mi strinsi al poeta ꝑ sospetto.

1248 2065 722 107 Uegna medusa sil faren di smalto

1302 2142 739 93 gridauan tucte riguardando in giuso

1304 2204 695 86 mal nõ uegiamo in teseo lassalto.

1249 2266 779 87 Uolgiti in dietro ⁊ tien lo uiso chiuso

1309 2328 679 91 che se gorglio si mostra ⁊ tu luedessi

1260 2399 734 84 nulla sarebbe del tornar mai suso.

1247 2450 601 102 Cosi disse lmaestro ⁊ elli stessi

1304 2528 735 80 mi uolse ⁊ non si tenne a le mie mani

1306 2585 697 94 che con le sue ancor nõ mi chiudessi.

1244 2643 624 95 O uoi chauete lintellecti sani

1306 2718 604 85 mirate/ la doctͥna che sasconde

1306 2778 686 120 socto il uelame delli uersi strani.
