<alto xmlns:xsi="http://www.w3.org/2001/XMLSchema-instance" xmlns="http://www.loc.gov/standards/alto/ns-v4#" xsi:schemaLocation="http://www.loc.gov/standards/alto/ns-v4# http://www.loc.gov/standards/alto/v4/alto-4-2.xsd">
  <Description>
    <MeasurementUnit>pixel</MeasurementUnit>
    <sourceImageInformation>
      <fileName>Cod.Triv.1080_0018_Carta_7v.jpg</fileName>
      
    </sourceImageInformation>
  </Description>
  
  <Tags>
    <OtherTag ID="BT16575" LABEL="MarginTextZone" DESCRIPTION="block type MarginTextZone"/><OtherTag ID="BT16576" LABEL="DamageZone" DESCRIPTION="block type DamageZone"/><OtherTag ID="BT16577" LABEL="DigitizationArtefactZone" DESCRIPTION="block type DigitizationArtefactZone"/><OtherTag ID="BT16578" LABEL="DropCapitalZone" DESCRIPTION="block type DropCapitalZone"/><OtherTag ID="BT16579" LABEL="GraphicZone" DESCRIPTION="block type GraphicZone"/><OtherTag ID="BT16581" LABEL="NumberingZone" DESCRIPTION="block type NumberingZone"/><OtherTag ID="BT16582" LABEL="QuireMarksZone" DESCRIPTION="block type QuireMarksZone"/><OtherTag ID="BT16583" LABEL="RunningTitleZone" DESCRIPTION="block type RunningTitleZone"/><OtherTag ID="BT16584" LABEL="SealZone" DESCRIPTION="block type SealZone"/><OtherTag ID="BT16585" LABEL="StampZone" DESCRIPTION="block type StampZone"/><OtherTag ID="BT16586" LABEL="TableZone" DESCRIPTION="block type TableZone"/><OtherTag ID="BT16587" LABEL="TitlePageZone" DESCRIPTION="block type TitlePageZone"/><OtherTag ID="BT16580" LABEL="MusicZone" DESCRIPTION="block type MusicZone"/><OtherTag ID="BT19261" LABEL="MainZone" DESCRIPTION="block type MainZone"/><OtherTag ID="BT19427" LABEL="text" DESCRIPTION="block type text"/>
    <OtherTag ID="LT6926" LABEL="DefaultLine" DESCRIPTION="line type DefaultLine"/><OtherTag ID="LT6927" LABEL="HeadingLine" DESCRIPTION="line type HeadingLine"/><OtherTag ID="LT6928" LABEL="InterlinearLine" DESCRIPTION="line type InterlinearLine"/><OtherTag ID="LT7341" LABEL="default" DESCRIPTION="line type default"/>
  </Tags>
  
  <Layout>
    <Page WIDTH="2656" HEIGHT="3992" PHYSICAL_IMG_NR="1" ID="eSc_dummypage_">
      <PrintSpace HPOS="0" VPOS="0" WIDTH="2656" HEIGHT="3992">
        
        <TextBlock HPOS="584" VPOS="660" WIDTH="955" HEIGHT="2371" ID="eSc_textblock_57a08832" TAGREFS="BT19261">
          <Shape><Polygon POINTS="584 660 584 3031 1539 3031 1539 660"/></Shape>
          
          
          <TextLine ID="eSc_line_c6db4499" TAGREFS="LT6926" BASELINE="685 734 1337 716" HPOS="683" VPOS="676" WIDTH="654" HEIGHT="89">
            <Shape><Polygon POINTS="1326 680 1309 680 1304 683 1293 680 1282 680 1260 680 1238 680 1215 680 1204 680 1195 689 1158 689 1138 678 1127 678 1111 678 1085 694 923 698 863 698 843 678 840 678 840 676 838 676 836 676 834 676 698 680 683 696 685 734 685 758 1007 765 1009 765 1337 742 1337 716 1329 680 1326 680"/></Shape>
	    <String CONTENT="Et elli a me uano pensiero aduni" HPOS="683" VPOS="676" WIDTH="654" HEIGHT="89"/>
          </TextLine>

          
          
          <TextLine ID="eSc_line_921ab74f" TAGREFS="LT6926" BASELINE="738 798 1337 782" HPOS="736" VPOS="734" WIDTH="601" HEIGHT="97">
            <Shape><Polygon POINTS="738 798 738 816 820 831 823 831 825 831 869 816 872 816 880 816 991 827 994 827 1100 813 1164 807 1195 813 1229 820 1231 820 1233 820 1235 820 1247 813 1255 809 1335 811 1337 782 1333 751 1258 734 1255 734 1098 754 1067 758 947 758 938 756 916 742 914 742 911 742 909 742 907 742 907 745 896 756 889 762 849 762 840 756 827 745 825 745 823 745 820 745 736 756 738 798"/></Shape>
	    <String CONTENT="La sconoscente uita che i fe soççi" HPOS="736" VPOS="734" WIDTH="601" HEIGHT="97"/>
          </TextLine>

          
          
          <TextLine ID="eSc_line_76f7b2e4" TAGREFS="LT6926" BASELINE="738 862 1406 844" HPOS="736" VPOS="798" WIDTH="670" HEIGHT="113">
            <Shape><Polygon POINTS="738 862 738 911 820 911 820 909 823 909 825 909 827 907 845 891 867 898 869 898 872 898 874 898 907 882 965 900 982 904 985 904 987 904 989 904 1005 898 1020 891 1040 895 1067 902 1069 902 1071 902 1073 902 1076 902 1076 900 1082 893 1100 878 1144 878 1162 891 1171 898 1173 898 1176 898 1178 900 1215 900 1215 898 1218 898 1220 898 1231 887 1249 873 1404 878 1406 844 1404 813 1384 798 1382 798 1380 798 1329 798 1326 798 1324 798 1322 798 1302 816 1282 800 1280 800 1278 800 1275 800 1273 800 1233 818 1189 802 1187 802 1184 802 1107 822 1018 822 989 807 987 807 985 807 982 807 900 829 803 829 763 813 761 813 758 813 756 813 754 813 736 827 738 862"/></Shape>
	    <String CONTENT="ad ogni conosciença or li fa bruni." HPOS="736" VPOS="798" WIDTH="670" HEIGHT="113"/>
          </TextLine>

          
          
          <TextLine ID="eSc_line_d4d0e711" TAGREFS="LT6926" BASELINE="714 927 1298 911" HPOS="712" VPOS="869" WIDTH="586" HEIGHT="95">
            <Shape><Polygon POINTS="714 927 714 964 1047 944 1293 944 1298 911 1291 871 1176 884 1153 871 1147 869 1144 869 1142 869 1085 871 1082 871 1080 871 1078 873 1062 887 1022 876 1020 876 1018 876 1016 876 954 891 845 878 843 878 840 878 838 878 787 895 712 880 714 927"/></Shape>
	    <String CONTENT="In ecterno uerraño a li due coççi" HPOS="712" VPOS="869" WIDTH="586" HEIGHT="95"/>
          </TextLine>

          
          
          <TextLine ID="eSc_line_c979e09f" TAGREFS="LT6926" BASELINE="738 989 1331 975" HPOS="736" VPOS="931" WIDTH="595" HEIGHT="95">
            <Shape><Polygon POINTS="738 989 738 1026 927 1024 929 1024 931 1024 931 1022 934 1022 947 1006 1058 1015 1069 1015 1071 1015 1087 1013 1167 1002 1180 1009 1195 1017 1198 1017 1200 1017 1202 1017 1204 1017 1213 1009 1218 1004 1329 1002 1331 975 1326 944 1131 931 1129 931 1031 933 1029 933 991 949 918 938 916 938 914 938 876 951 849 938 847 938 845 938 736 955 738 989"/></Shape>
	    <String CONTENT="questi resurgeraño del sepulcro" HPOS="736" VPOS="931" WIDTH="595" HEIGHT="95" WC="0.9894125107675791"/>
          </TextLine>

          
          
          <TextLine ID="eSc_line_fa06a676" TAGREFS="LT6926" BASELINE="743 1053 1511 1033" HPOS="741" VPOS="986" WIDTH="770" HEIGHT="114">
            <Shape><Polygon POINTS="743 1053 745 1097 778 1080 809 1095 823 1100 825 1100 827 1100 896 1091 1000 1075 1031 1084 1065 1093 1067 1093 1069 1093 1071 1093 1073 1093 1073 1091 1085 1082 1096 1071 1120 1080 1156 1091 1158 1091 1160 1091 1162 1091 1164 1091 1164 1088 1178 1077 1184 1071 1249 1073 1311 1075 1313 1075 1315 1075 1329 1068 1340 1064 1355 1068 1417 1084 1420 1084 1422 1084 1424 1084 1511 1060 1511 1033 1502 986 1457 1002 1431 989 1428 989 1426 989 1417 989 1304 1009 1240 1009 1218 997 1213 993 1211 993 1209 993 1207 993 1204 993 1193 997 1164 1011 1062 1002 998 997 996 997 931 1000 929 1000 927 1000 927 1002 918 1009 907 1020 825 1020 816 1011 809 1006 809 1004 807 1004 805 1004 803 1004 801 1004 785 1013 772 1020 741 1015 743 1053"/></Shape>
	    <String CONTENT="col pugno chuiso ⁊ questi coi crin moççi." HPOS="741" VPOS="986" WIDTH="770" HEIGHT="114"/>
          </TextLine>

          
          
          <TextLine ID="eSc_line_d60a054d" TAGREFS="LT6926" BASELINE="676 1122 1411 1097" HPOS="674" VPOS="1049" WIDTH="737" HEIGHT="104">
            <Shape><Polygon POINTS="676 1122 676 1153 1022 1135 1411 1135 1411 1097 1408 1066 1346 1049 1344 1049 1342 1049 1340 1049 1271 1068 1211 1053 1209 1053 1207 1053 1080 1057 1078 1057 1076 1057 1076 1060 1060 1075 1060 1077 1005 1077 1002 1077 967 1062 965 1062 962 1062 960 1062 958 1062 938 1080 936 1082 834 1082 820 1082 774 1068 772 1068 769 1068 767 1068 765 1068 747 1084 736 1075 734 1075 732 1075 730 1075 674 1086 676 1122"/></Shape>
	    <String CONTENT="Mal dare ⁊ mal tener lo mondo pulcro" HPOS="674" VPOS="1049" WIDTH="737" HEIGHT="104"/>
          </TextLine>

          
          
          <TextLine ID="eSc_line_4dbd9348" TAGREFS="LT6926" BASELINE="743 1186 1380 1162" HPOS="738" VPOS="1111" WIDTH="642" HEIGHT="108">
            <Shape><Polygon POINTS="743 1186 743 1208 792 1219 794 1219 796 1219 798 1219 798 1217 812 1206 816 1202 962 1199 965 1199 987 1217 989 1217 991 1217 994 1219 1031 1219 1031 1217 1073 1215 1076 1215 1078 1215 1100 1195 1102 1193 1105 1195 1133 1213 1136 1213 1138 1213 1140 1213 1142 1213 1169 1202 1200 1210 1202 1210 1204 1210 1207 1210 1249 1190 1253 1188 1258 1188 1318 1206 1320 1206 1322 1206 1324 1206 1380 1184 1380 1162 1375 1122 1333 1111 1331 1111 1329 1111 1326 1111 1324 1111 1324 1113 1311 1126 1309 1131 1235 1131 1231 1128 1209 1117 1207 1117 1204 1117 1202 1117 1147 1133 1136 1135 1127 1133 1071 1122 1069 1122 982 1139 969 1142 965 1139 929 1126 927 1126 925 1126 796 1131 794 1131 738 1148 743 1186"/></Shape>
	    <String CONTENT="a/ tolto loro ⁊ posti a questa çuffa" HPOS="738" VPOS="1111" WIDTH="642" HEIGHT="108"/>
          </TextLine>

          
          
          <TextLine ID="eSc_line_316c6d5b" TAGREFS="LT6926" BASELINE="738 1248 1428 1230" HPOS="736" VPOS="1188" WIDTH="692" HEIGHT="91">
            <Shape><Polygon POINTS="738 1248 738 1279 909 1268 940 1273 987 1279 989 1279 1140 1264 1182 1261 1202 1261 1289 1270 1291 1270 1428 1253 1428 1230 1424 1199 1340 1190 1337 1190 1335 1190 1333 1190 1320 1202 1318 1204 1204 1204 1202 1204 1162 1193 1160 1193 1158 1193 1156 1193 1153 1193 1136 1206 1091 1188 1089 1188 1087 1188 1085 1188 1082 1188 1082 1190 1065 1208 1065 1210 1005 1210 1005 1208 985 1193 982 1193 980 1193 978 1193 818 1195 736 1215 738 1248"/></Shape>
	    <String CONTENT="qual ella sia parole non ci pulcro." HPOS="736" VPOS="1188" WIDTH="692" HEIGHT="91"/>
          </TextLine>

          
          
          <TextLine ID="eSc_line_adcde72e" TAGREFS="LT6926" BASELINE="678 1310 1451 1295" HPOS="676" VPOS="1246" WIDTH="775" HEIGHT="106">
            <Shape><Polygon POINTS="678 1310 678 1335 785 1352 787 1352 789 1352 829 1335 840 1328 920 1328 936 1335 951 1341 954 1341 956 1341 958 1341 960 1341 969 1335 974 1330 978 1335 996 1348 998 1348 1000 1348 1002 1348 1136 1332 1242 1321 1306 1332 1315 1332 1318 1332 1324 1332 1357 1324 1369 1332 1375 1337 1375 1339 1377 1339 1380 1339 1382 1339 1448 1330 1451 1295 1448 1261 1402 1246 1400 1246 1397 1246 1395 1246 1369 1261 1340 1246 1337 1246 1335 1246 1333 1246 1331 1246 1331 1248 1315 1261 1313 1264 1286 1261 1136 1250 1133 1250 1045 1264 1000 1273 949 1273 943 1266 934 1257 934 1255 931 1255 929 1255 927 1255 925 1255 896 1266 874 1273 676 1268 678 1310"/></Shape>
	    <String CONTENT="Or puoi ueder figliuol la corta buffa" HPOS="676" VPOS="1246" WIDTH="775" HEIGHT="106"/>
          </TextLine>

          
          
          <TextLine ID="eSc_line_b331feda" TAGREFS="LT6926" BASELINE="734 1375 1431 1359" HPOS="732" VPOS="1312" WIDTH="699" HEIGHT="98">
            <Shape><Polygon POINTS="734 1375 734 1410 869 1397 969 1408 987 1410 989 1410 991 1410 1000 1408 1058 1392 1131 1406 1136 1406 1138 1408 1191 1408 1191 1406 1193 1406 1195 1406 1195 1403 1209 1392 1284 1403 1295 1403 1298 1403 1300 1403 1304 1403 1351 1388 1428 1399 1431 1359 1426 1328 1233 1312 1231 1312 1229 1312 1227 1312 1227 1315 1213 1328 1211 1330 1209 1328 1167 1315 1164 1315 1162 1315 1160 1315 1124 1330 1118 1332 1111 1330 1076 1317 1073 1317 1071 1317 1069 1317 1036 1330 1025 1335 1014 1330 980 1319 978 1319 976 1319 974 1319 971 1319 956 1332 951 1335 949 1332 936 1321 934 1321 931 1321 889 1321 887 1321 885 1321 883 1321 869 1332 865 1337 854 1332 829 1324 827 1324 825 1324 823 1324 805 1332 792 1339 732 1335 734 1375"/></Shape>
	    <String CONTENT="di ben che son cõmessi a la fortuna" HPOS="732" VPOS="1312" WIDTH="699" HEIGHT="98"/>
          </TextLine>

          
          
          <TextLine ID="eSc_line_3f7310ea" TAGREFS="LT6926" BASELINE="741 1437 1408 1423" HPOS="738" VPOS="1377" WIDTH="670" HEIGHT="93">
            <Shape><Polygon POINTS="741 1437 741 1457 803 1457 823 1470 825 1470 827 1470 829 1470 832 1470 834 1470 858 1452 872 1465 874 1465 876 1465 878 1465 1031 1450 1033 1450 1036 1450 1105 1459 1107 1459 1109 1459 1111 1459 1127 1448 1180 1465 1182 1465 1184 1465 1262 1452 1364 1461 1366 1461 1369 1461 1408 1441 1408 1423 1404 1394 1326 1377 1324 1377 1322 1377 1320 1377 1293 1392 1280 1381 1280 1379 1278 1379 1275 1379 1273 1379 1271 1379 1238 1394 1187 1379 1184 1379 1182 1379 1180 1379 1131 1394 1124 1399 911 1401 894 1397 856 1386 854 1386 852 1386 803 1388 801 1388 798 1388 798 1390 787 1397 781 1403 738 1399 741 1437"/></Shape>
	    <String CONTENT="ꝑ che lumana gente si rabuffa." HPOS="738" VPOS="1377" WIDTH="670" HEIGHT="93"/>
          </TextLine>

          
          
          <TextLine ID="eSc_line_8ddaa08b" TAGREFS="LT6926" BASELINE="663 1508 1366 1488" HPOS="661" VPOS="1437" WIDTH="705" HEIGHT="106">
            <Shape><Polygon POINTS="663 1508 663 1528 738 1543 741 1543 878 1525 925 1521 1062 1521 1067 1523 1076 1532 1078 1532 1080 1532 1082 1532 1142 1523 1207 1512 1240 1521 1260 1528 1262 1528 1264 1528 1366 1519 1366 1488 1360 1450 1309 1452 1306 1450 1293 1439 1293 1437 1291 1437 1289 1437 1286 1437 1284 1437 1251 1452 1249 1454 1244 1452 1224 1443 1222 1443 1220 1443 1218 1443 1215 1443 1204 1454 1200 1459 1147 1459 1142 1457 1053 1439 1051 1439 1049 1439 991 1461 923 1443 920 1443 918 1443 916 1443 914 1443 889 1463 827 1452 825 1452 823 1452 820 1452 807 1463 741 1448 738 1448 687 1450 685 1450 683 1450 661 1468 663 1508"/></Shape>
	    <String CONTENT="Che tucto loro che sotto la luna" HPOS="661" VPOS="1437" WIDTH="705" HEIGHT="106"/>
          </TextLine>

          
          
          <TextLine ID="eSc_line_b0a713ea" TAGREFS="LT6926" BASELINE="738 1565 1455 1552" HPOS="736" VPOS="1503" WIDTH="719" HEIGHT="100">
            <Shape><Polygon POINTS="738 1565 738 1585 854 1603 856 1603 858 1603 896 1585 900 1583 903 1585 918 1599 918 1601 920 1601 923 1601 925 1601 927 1601 969 1585 985 1581 1005 1585 1045 1594 1047 1594 1049 1594 1069 1585 1078 1581 1082 1585 1096 1596 1098 1596 1100 1596 1102 1596 1167 1585 1218 1576 1262 1576 1278 1585 1293 1594 1295 1594 1298 1594 1300 1594 1302 1594 1337 1585 1373 1574 1395 1583 1413 1592 1415 1592 1417 1592 1455 1583 1455 1552 1453 1519 1417 1503 1415 1503 1413 1503 1278 1519 1127 1508 1124 1508 1122 1508 1091 1523 976 1510 974 1510 854 1528 798 1514 796 1514 794 1514 792 1514 736 1530 738 1565"/></Shape>
	    <String CONTENT="⁊ che gia fu/ di queste anime stanche" HPOS="736" VPOS="1503" WIDTH="719" HEIGHT="100"/>
          </TextLine>

          
          
          <TextLine ID="eSc_line_f92aa9e3" TAGREFS="LT6926" BASELINE="741 1630 1426 1614" HPOS="738" VPOS="1574" WIDTH="688" HEIGHT="82">
            <Shape><Polygon POINTS="741 1630 741 1645 925 1656 927 1656 1020 1645 1073 1656 1076 1656 1078 1656 1127 1643 1227 1654 1229 1654 1333 1638 1382 1647 1384 1647 1386 1647 1426 1630 1426 1614 1422 1587 1229 1574 1227 1574 1140 1590 1127 1592 1116 1590 1069 1579 1067 1579 1065 1579 1062 1579 1029 1592 1020 1594 1007 1592 951 1581 949 1581 896 1594 880 1596 738 1596 741 1630"/></Shape>
	    <String CONTENT="non poterebbe/ farne/ posare una." HPOS="738" VPOS="1574" WIDTH="688" HEIGHT="82"/>
          </TextLine>

          
          
          <TextLine ID="eSc_line_3987d95e" TAGREFS="LT6926" BASELINE="674 1692 1384 1681" HPOS="672" VPOS="1630" WIDTH="712" HEIGHT="102">
            <Shape><Polygon POINTS="674 1692 676 1732 741 1712 763 1729 765 1729 767 1729 769 1732 814 1732 814 1729 816 1729 820 1727 849 1712 927 1723 954 1727 956 1727 996 1720 1100 1705 1184 1714 1202 1716 1204 1716 1227 1714 1293 1703 1302 1712 1309 1716 1309 1718 1311 1718 1313 1718 1315 1718 1382 1707 1384 1681 1382 1645 1329 1630 1326 1630 1324 1630 1322 1630 1320 1630 1302 1645 1298 1650 1200 1650 1193 1647 1151 1632 1149 1632 1147 1632 1144 1632 1142 1632 1116 1650 1113 1652 1051 1652 1047 1650 1025 1634 1022 1634 1020 1634 1018 1634 1016 1634 976 1652 958 1636 958 1634 956 1634 954 1634 951 1634 809 1636 807 1636 763 1656 761 1656 730 1638 727 1638 725 1638 723 1638 721 1638 721 1641 701 1656 701 1658 672 1658 674 1692"/></Shape>
	    <String CONTENT="Maestro dissio lui or mi di anche" HPOS="672" VPOS="1630" WIDTH="712" HEIGHT="102"/>
          </TextLine>

          
          
          <TextLine ID="eSc_line_09d550fa" TAGREFS="LT6926" BASELINE="743 1756 1424 1743" HPOS="741" VPOS="1696" WIDTH="683" HEIGHT="102">
            <Shape><Polygon POINTS="743 1756 743 1798 854 1798 854 1796 856 1796 865 1794 887 1783 920 1791 934 1794 936 1794 938 1794 940 1794 943 1794 947 1789 971 1767 1096 1767 1129 1783 1131 1783 1133 1783 1136 1783 1167 1767 1189 1778 1191 1778 1193 1778 1195 1778 1247 1765 1342 1765 1357 1776 1366 1780 1369 1780 1371 1780 1373 1780 1424 1772 1424 1743 1422 1712 1384 1696 1382 1696 1380 1696 1193 1714 1082 1701 1080 1701 962 1718 854 1705 852 1705 849 1705 816 1723 741 1723 743 1756"/></Shape>
	    <String CONTENT="questa fortuna di che tu mi tocche" HPOS="741" VPOS="1696" WIDTH="683" HEIGHT="102"/>
          </TextLine>

          
          
          <TextLine ID="eSc_line_941d3ccf" TAGREFS="LT6926" BASELINE="743 1820 1477 1807" HPOS="741" VPOS="1756" WIDTH="736" HEIGHT="95">
            <Shape><Polygon POINTS="743 1820 743 1840 772 1851 774 1851 776 1851 1477 1834 1477 1807 1475 1774 1435 1756 1433 1756 1431 1756 1428 1756 1384 1767 1357 1756 1355 1756 1353 1756 1351 1756 1304 1772 1291 1758 1289 1758 1286 1758 1284 1758 1200 1776 1182 1760 1180 1760 1178 1760 1176 1760 1173 1760 1133 1776 1009 1763 1007 1763 1005 1763 1002 1763 991 1774 965 1765 962 1765 960 1765 958 1765 956 1765 956 1767 940 1780 883 1767 880 1767 878 1767 876 1767 876 1769 858 1785 741 1785 743 1820"/></Shape>
	    <String CONTENT="che e/ che i ben del mondo a/ si tra brãche." HPOS="741" VPOS="1756" WIDTH="736" HEIGHT="95"/>
          </TextLine>

          
          
          <TextLine ID="eSc_line_dde4b40b" TAGREFS="LT6926" BASELINE="676 1878 1362 1869" HPOS="674" VPOS="1831" WIDTH="688" HEIGHT="80">
            <Shape><Polygon POINTS="676 1878 676 1905 738 1898 783 1905 825 1911 827 1911 829 1911 832 1911 832 1909 840 1905 849 1896 980 1900 1187 1907 1189 1907 1191 1907 1235 1893 1244 1891 1253 1893 1306 1905 1309 1905 1311 1905 1362 1889 1362 1869 1355 1831 674 1838 676 1878"/></Shape>
	    <String CONTENT="Et elli a me o creature sciocche" HPOS="674" VPOS="1831" WIDTH="688" HEIGHT="80"/>
          </TextLine>

          
          
          <TextLine ID="eSc_line_b526cb5f" TAGREFS="LT6926" BASELINE="745 1940 1522 1936" HPOS="743" VPOS="1889" WIDTH="779" HEIGHT="98">
            <Shape><Polygon POINTS="745 1940 745 1987 807 1984 809 1984 812 1984 845 1962 891 1982 896 1984 898 1984 900 1984 920 1982 1051 1962 1153 1962 1173 1973 1184 1982 1187 1982 1189 1982 1191 1984 1231 1984 1231 1982 1233 1982 1235 1982 1235 1980 1247 1971 1260 1960 1357 1962 1371 1969 1411 1982 1413 1982 1415 1982 1519 1962 1522 1936 1517 1896 1420 1889 1417 1889 1415 1889 1413 1889 1404 1898 1393 1905 1340 1898 1258 1889 1255 1889 1253 1889 1215 1900 1202 1907 900 1907 885 1893 883 1893 880 1893 878 1893 876 1893 838 1907 783 1891 781 1891 778 1891 776 1891 743 1907 745 1940"/></Shape>
	    <String CONTENT="quanta ignorança e/ quella che uoffende" HPOS="743" VPOS="1889" WIDTH="779" HEIGHT="98"/>
          </TextLine>

          
          
          <TextLine ID="eSc_line_92d88e2d" TAGREFS="LT6926" BASELINE="747 2009 1493 1998" HPOS="745" VPOS="1956" WIDTH="748" HEIGHT="88">
            <Shape><Polygon POINTS="747 2009 747 2029 838 2044 840 2044 843 2044 845 2044 845 2042 858 2031 887 2042 889 2042 891 2042 978 2027 989 2027 994 2027 1038 2044 1040 2044 1042 2044 1138 2042 1140 2042 1142 2042 1160 2027 1162 2027 1176 2038 1178 2038 1180 2038 1182 2038 1184 2038 1187 2038 1187 2035 1200 2027 1204 2022 1222 2024 1300 2040 1302 2040 1304 2040 1349 2027 1435 2038 1437 2038 1440 2038 1493 2022 1493 1998 1488 1969 1342 1956 1340 1956 1337 1956 1302 1969 1089 1960 1087 1960 1085 1960 1042 1973 1038 1973 1025 1973 883 1964 880 1964 745 1976 747 2009"/></Shape>
	    <String CONTENT="or uo che tu mia sentenza nembocche." HPOS="745" VPOS="1956" WIDTH="748" HEIGHT="88"/>
          </TextLine>

          
          
          <TextLine ID="eSc_line_08733acc" TAGREFS="LT6926" BASELINE="676 2064 1408 2064" HPOS="676" VPOS="2015" WIDTH="732" HEIGHT="83">
            <Shape><Polygon POINTS="676 2064 676 2086 692 2098 694 2098 696 2098 698 2098 701 2098 732 2086 883 2098 885 2098 1000 2091 1076 2086 1209 2095 1266 2098 1269 2098 1280 2095 1326 2086 1406 2098 1408 2064 1408 2031 1351 2015 1349 2015 1193 2015 1191 2015 1189 2015 1187 2015 1187 2018 1171 2033 1011 2033 978 2015 976 2015 974 2015 971 2015 969 2015 949 2033 900 2033 858 2015 856 2015 854 2015 852 2015 823 2031 794 2015 792 2015 789 2015 787 2015 749 2031 703 2015 701 2015 698 2015 696 2015 694 2015 676 2027 676 2064"/></Shape>
	    <String CONTENT="Colui lo cui sauer tutto trascende" HPOS="676" VPOS="2015" WIDTH="732" HEIGHT="83"/>
          </TextLine>

          
          
          <TextLine ID="eSc_line_05bafcc1" TAGREFS="LT6926" BASELINE="752 2129 1397 2124" HPOS="752" VPOS="2075" WIDTH="645" HEIGHT="87">
            <Shape><Polygon POINTS="752 2162 805 2151 938 2157 1011 2162 1014 2162 1016 2162 1042 2155 1071 2149 1093 2155 1111 2160 1113 2160 1116 2160 1118 2160 1133 2153 1144 2149 1209 2151 1353 2160 1355 2160 1357 2160 1397 2146 1397 2124 1393 2091 1085 2075 1082 2075 1080 2075 1078 2075 1078 2078 1069 2084 1062 2091 925 2082 847 2078 845 2078 843 2078 832 2080 794 2091 752 2080 752 2129 752 2162"/></Shape>
	    <String CONTENT="fece li cieli ⁊ die lor chi conduce" HPOS="752" VPOS="2075" WIDTH="645" HEIGHT="87"/>
          </TextLine>

          
          
          <TextLine ID="eSc_line_72208bd4" TAGREFS="LT6926" BASELINE="754 2193 1420 2188" HPOS="752" VPOS="2144" WIDTH="668" HEIGHT="102">
            <Shape><Polygon POINTS="754 2193 758 2246 798 2224 860 2224 878 2242 880 2242 880 2244 883 2244 885 2244 887 2246 931 2246 931 2244 934 2244 936 2244 940 2239 951 2228 1027 2224 1096 2226 1102 2233 1111 2242 1113 2242 1116 2242 1118 2244 1311 2244 1311 2242 1313 2242 1315 2242 1315 2239 1333 2224 1335 2222 1417 2222 1420 2188 1415 2155 1251 2144 1249 2144 1247 2144 1244 2144 1229 2157 1227 2160 1082 2160 1073 2160 1011 2146 1009 2146 923 2160 789 2146 787 2146 785 2146 752 2160 754 2193"/></Shape>
	    <String CONTENT="si cogni ꝑte ad ogni ꝑte splende." HPOS="752" VPOS="2144" WIDTH="668" HEIGHT="102"/>
          </TextLine>

          
          
          <TextLine ID="eSc_line_efc65a67" TAGREFS="LT6926" BASELINE="676 2259 1435 2253" HPOS="674" VPOS="2202" WIDTH="761" HEIGHT="95">
            <Shape><Polygon POINTS="676 2259 676 2279 747 2297 749 2297 818 2282 936 2282 954 2295 956 2295 958 2295 960 2295 1093 2282 1120 2295 1122 2295 1124 2295 1264 2275 1266 2275 1280 2286 1280 2288 1282 2288 1284 2288 1286 2288 1344 2282 1382 2293 1384 2293 1386 2293 1389 2293 1435 2273 1435 2253 1433 2226 1342 2202 1340 2202 1337 2202 1335 2202 1333 2202 1315 2217 1284 2202 1282 2202 1280 2202 1278 2202 1275 2202 1275 2204 1258 2222 1253 2226 1178 2226 1109 2217 1067 2213 1065 2213 1062 2213 1051 2217 1018 2226 969 2215 949 2211 947 2211 945 2211 943 2211 940 2213 920 2231 883 2231 856 2211 854 2211 852 2211 849 2211 847 2211 845 2211 818 2228 798 2211 796 2208 794 2208 792 2208 789 2208 787 2208 783 2211 761 2224 741 2208 738 2206 736 2206 734 2206 732 2206 674 2206 676 2259"/></Shape>
	    <String CONTENT="Distribuendo igualmente la luce" HPOS="674" VPOS="2202" WIDTH="761" HEIGHT="95"/>
          </TextLine>

          
          
          <TextLine ID="eSc_line_6dae4753" TAGREFS="LT6926" BASELINE="749 2322 1451 2317" HPOS="747" VPOS="2271" WIDTH="704" HEIGHT="90">
            <Shape><Polygon POINTS="749 2322 749 2361 852 2344 898 2357 900 2357 903 2357 1053 2344 1073 2359 1076 2361 1078 2361 1080 2361 1082 2361 1142 2359 1144 2359 1147 2359 1147 2357 1164 2341 1238 2353 1240 2353 1242 2353 1269 2341 1304 2357 1306 2357 1309 2357 1311 2357 1313 2357 1369 2341 1448 2355 1451 2317 1444 2271 1222 2284 1211 2275 1207 2271 1204 2271 1202 2271 1105 2271 1102 2271 1058 2279 1022 2288 896 2288 885 2284 852 2273 849 2273 847 2273 845 2273 843 2273 827 2286 825 2288 747 2288 749 2322"/></Shape>
	    <String CONTENT="similemente a li splendor mondani" HPOS="747" VPOS="2271" WIDTH="704" HEIGHT="90"/>
          </TextLine>

          
          
          <TextLine ID="eSc_line_7c442703" TAGREFS="LT6926" BASELINE="754 2388 1408 2381" HPOS="752" VPOS="2335" WIDTH="656" HEIGHT="91">
            <Shape><Polygon POINTS="754 2388 754 2408 840 2408 860 2424 860 2426 863 2426 865 2426 867 2426 991 2410 1011 2424 1014 2424 1016 2424 1018 2426 1184 2426 1184 2424 1187 2424 1189 2424 1215 2404 1408 2399 1408 2381 1404 2346 1187 2335 1184 2335 1182 2335 1180 2335 1156 2350 1149 2355 1078 2355 1076 2353 1040 2337 1038 2337 1036 2337 1033 2337 1031 2337 1031 2339 1014 2353 962 2344 960 2344 874 2355 789 2339 787 2339 785 2339 752 2355 754 2388"/></Shape>
	    <String CONTENT="ordino/ general ministro ⁊ duce." HPOS="752" VPOS="2335" WIDTH="656" HEIGHT="91"/>
          </TextLine>

          
          
          <TextLine ID="eSc_line_226ff758" TAGREFS="LT6926" BASELINE="687 2446 1406 2450" HPOS="685" VPOS="2399" WIDTH="721" HEIGHT="96">
            <Shape><Polygon POINTS="687 2446 685 2468 718 2486 721 2486 723 2486 725 2486 727 2486 743 2472 772 2495 774 2495 776 2495 778 2495 909 2481 1009 2495 1011 2495 1014 2495 1062 2472 1067 2472 1076 2475 1124 2483 1127 2483 1129 2483 1131 2483 1142 2475 1149 2472 1402 2479 1406 2450 1400 2404 1349 2417 1189 2404 1187 2404 1184 2404 1182 2404 1182 2406 1169 2419 1049 2419 998 2401 996 2401 994 2401 991 2401 940 2417 803 2417 785 2401 783 2401 781 2401 778 2401 776 2401 752 2410 687 2399 687 2446"/></Shape>
	    <String CONTENT="Che ꝑmutasse a tempo li ben uani" HPOS="685" VPOS="2399" WIDTH="721" HEIGHT="96"/>
          </TextLine>

          
          
          <TextLine ID="eSc_line_f3201361" TAGREFS="LT6926" BASELINE="752 2517 1533 2510" HPOS="749" VPOS="2475" WIDTH="784" HEIGHT="86">
            <Shape><Polygon POINTS="752 2517 754 2559 778 2546 792 2559 794 2559 796 2559 798 2561 860 2561 860 2559 863 2559 865 2559 867 2554 885 2543 987 2543 998 2552 1000 2554 1002 2554 1005 2554 1007 2554 1009 2554 1016 2550 1031 2543 1060 2550 1085 2554 1087 2554 1176 2546 1189 2546 1207 2557 1209 2557 1211 2557 1213 2557 1215 2557 1218 2557 1218 2554 1229 2543 1233 2539 1306 2539 1337 2541 1482 2554 1484 2554 1486 2554 1533 2534 1533 2510 1528 2477 749 2475 752 2517"/></Shape>
	    <String CONTENT="di gente in gente ⁊ duno in altro sangue" HPOS="749" VPOS="2475" WIDTH="784" HEIGHT="86"/>
          </TextLine>

          
          
          <TextLine ID="eSc_line_aa64f477" TAGREFS="LT6926" BASELINE="754 2583 1519 2574" HPOS="752" VPOS="2528" WIDTH="767" HEIGHT="95">
            <Shape><Polygon POINTS="754 2583 758 2623 783 2610 987 2616 1127 2621 1129 2621 1131 2621 1133 2621 1144 2612 1153 2605 1191 2612 1240 2619 1242 2619 1244 2619 1247 2619 1260 2610 1266 2605 1284 2608 1318 2614 1320 2614 1322 2614 1353 2608 1366 2603 1375 2605 1404 2616 1406 2616 1408 2616 1517 2601 1519 2574 1515 2546 1351 2546 1329 2528 1326 2528 1324 2528 1322 2528 1320 2528 1280 2546 1275 2548 1220 2548 1218 2546 1204 2532 1204 2530 1202 2530 1200 2530 1198 2530 1195 2530 1160 2543 1120 2532 1118 2532 1116 2532 1113 2532 1111 2532 1111 2534 1098 2546 1096 2548 1087 2546 1053 2532 1051 2532 1049 2532 1047 2532 1045 2532 1025 2546 1020 2548 1011 2546 976 2532 974 2532 971 2532 869 2534 867 2534 845 2546 834 2550 818 2546 787 2534 785 2534 783 2534 781 2534 752 2543 754 2583"/></Shape>
	    <String CONTENT="oltre la difension di senni humani." HPOS="752" VPOS="2528" WIDTH="767" HEIGHT="95"/>
          </TextLine>

          
          
          <TextLine ID="eSc_line_7c5a16d4" TAGREFS="LT6926" BASELINE="701 2645 1486 2641" HPOS="698" VPOS="2590" WIDTH="788" HEIGHT="104">
            <Shape><Polygon POINTS="701 2694 761 2692 763 2692 765 2692 765 2690 781 2676 805 2692 807 2692 809 2692 812 2694 887 2694 887 2692 889 2692 903 2687 956 2670 1031 2683 1085 2692 1087 2692 1089 2692 1120 2681 1140 2670 1260 2667 1266 2674 1282 2687 1282 2690 1284 2690 1286 2690 1289 2692 1333 2692 1333 2690 1335 2690 1397 2670 1406 2667 1484 2667 1486 2641 1477 2590 1415 2605 1375 2592 1373 2592 1371 2592 1369 2592 1366 2592 1337 2610 1295 2590 1293 2590 1291 2590 1289 2590 1282 2590 1193 2610 1173 2594 1171 2594 1169 2594 1167 2594 1164 2594 1162 2594 1142 2610 1071 2599 1069 2599 1067 2599 1065 2599 1047 2614 847 2614 832 2599 832 2597 829 2597 827 2597 825 2597 823 2597 763 2612 741 2594 741 2592 738 2592 736 2592 734 2592 698 2592 701 2645"/></Shape>
	    <String CONTENT="Ꝑcuna gente imꝑa ⁊ altra langue" HPOS="698" VPOS="2590" WIDTH="788" HEIGHT="104"/>
          </TextLine>

          
          
          <TextLine ID="eSc_line_4772870a" TAGREFS="LT6926" BASELINE="767 2710 1395 2707" HPOS="765" VPOS="2661" WIDTH="630" HEIGHT="86">
            <Shape><Polygon POINTS="767 2710 767 2747 1131 2732 1220 2732 1233 2741 1240 2745 1242 2745 1244 2745 1247 2745 1249 2745 1262 2741 1282 2732 1391 2736 1395 2707 1393 2679 1351 2665 1349 2665 1346 2665 1293 2676 1278 2663 1278 2661 1275 2661 1273 2661 1271 2661 1269 2661 1222 2676 1178 2661 1176 2661 1136 2661 1133 2661 1131 2661 1129 2661 1129 2663 1113 2676 965 2661 962 2661 814 2676 781 2661 778 2661 776 2661 774 2661 772 2661 772 2663 769 2663 765 2665 767 2710"/></Shape>
	    <String CONTENT="seguendo lo Iudicio di costei" HPOS="765" VPOS="2661" WIDTH="630" HEIGHT="86"/>
          </TextLine>

          
          
          <TextLine ID="eSc_line_091002d4" TAGREFS="LT6926" BASELINE="765 2776 1491 2770" HPOS="763" VPOS="2723" WIDTH="728" HEIGHT="91">
            <Shape><Polygon POINTS="765 2776 765 2805 925 2798 949 2803 1002 2814 1005 2814 1113 2801 1144 2796 1160 2798 1215 2812 1218 2812 1220 2812 1275 2798 1422 2809 1424 2809 1426 2809 1491 2792 1491 2770 1486 2738 1298 2723 1295 2723 1293 2723 1291 2723 1291 2725 1278 2736 1240 2725 1238 2725 1235 2725 1233 2725 1193 2738 1171 2725 1169 2725 1167 2725 1164 2725 1162 2725 1160 2725 1138 2741 1040 2741 1027 2727 1027 2725 1025 2725 1022 2725 1020 2725 1018 2725 1016 2725 998 2736 803 2730 801 2730 798 2730 763 2741 765 2776"/></Shape>
	    <String CONTENT="che occulto si come in erba langue." HPOS="763" VPOS="2723" WIDTH="728" HEIGHT="91"/>
          </TextLine>

          
          
          <TextLine ID="eSc_line_2e8c01a2" TAGREFS="LT6926" BASELINE="654 2836 1442 2836" HPOS="654" VPOS="2789" WIDTH="788" HEIGHT="96">
            <Shape><Polygon POINTS="654 2836 654 2880 832 2883 834 2883 836 2883 849 2876 865 2869 872 2876 876 2880 876 2883 878 2883 880 2883 883 2885 934 2885 934 2883 936 2883 938 2883 938 2880 945 2876 951 2869 1022 2874 1082 2876 1085 2876 1087 2876 1089 2876 1089 2874 1093 2872 1100 2865 1173 2865 1178 2869 1187 2876 1187 2878 1189 2878 1191 2878 1255 2883 1258 2883 1260 2883 1293 2867 1295 2867 1300 2867 1375 2876 1377 2876 1442 2863 1442 2836 1442 2801 1417 2792 1415 2792 1413 2792 1411 2792 1408 2792 1395 2803 1391 2805 1377 2803 1340 2794 1337 2794 1335 2794 1302 2803 1291 2805 1286 2803 1275 2792 1275 2789 1273 2789 1271 2789 1231 2789 1229 2789 1227 2789 1182 2803 1169 2805 1133 2803 1040 2794 1038 2794 1036 2794 1002 2803 987 2805 965 2803 878 2789 876 2789 874 2789 840 2803 834 2805 832 2803 820 2792 820 2789 818 2789 816 2789 814 2789 812 2789 776 2803 774 2803 758 2789 756 2789 754 2789 692 2789 690 2789 687 2789 654 2801 654 2836"/></Shape>
	    <String CONTENT="Uostro sauer non a/ contãsto a lei" HPOS="654" VPOS="2789" WIDTH="788" HEIGHT="96"/>
          </TextLine>

          
          
          <TextLine ID="eSc_line_f2e04cd7" TAGREFS="LT6926" BASELINE="767 2905 1446 2898" HPOS="765" VPOS="2854" WIDTH="681" HEIGHT="97">
            <Shape><Polygon POINTS="767 2905 767 2934 787 2949 789 2949 792 2949 794 2951 945 2951 945 2949 947 2949 1002 2929 1029 2947 1031 2947 1033 2947 1036 2949 1089 2949 1089 2947 1091 2947 1093 2947 1118 2927 1213 2927 1253 2927 1275 2945 1278 2945 1280 2945 1282 2945 1284 2945 1324 2927 1340 2942 1340 2945 1342 2945 1344 2945 1346 2947 1377 2947 1377 2945 1380 2945 1446 2925 1446 2898 1440 2856 1213 2867 1149 2863 1002 2854 1000 2854 891 2872 885 2872 854 2856 852 2856 849 2856 765 2874 767 2905"/></Shape>
	    <String CONTENT="questa prouede giudica ⁊ prosegue" HPOS="765" VPOS="2854" WIDTH="681" HEIGHT="97"/>
          </TextLine>

          
          
          <TextLine ID="eSc_line_027f94cd" TAGREFS="LT6926" BASELINE="767 2967 1428 2960" HPOS="765" VPOS="2916" WIDTH="663" HEIGHT="113">
            <Shape><Polygon POINTS="767 2967 769 3029 832 3013 874 3027 878 3029 880 3029 883 3029 885 3029 889 3027 918 3013 936 3027 938 3027 940 3027 943 3027 945 3027 947 3027 998 3000 1173 3000 1213 3020 1220 3025 1222 3025 1224 3025 1428 3016 1428 2960 1424 2934 1204 2916 1202 2916 1200 2916 1169 2929 1100 2918 1098 2918 1096 2918 1093 2918 1093 2920 1078 2936 980 2938 798 2938 783 2925 781 2925 778 2925 776 2925 774 2925 772 2925 772 2927 769 2927 765 2929 767 2967"/></Shape>
	    <String CONTENT="suo reguo come il loro li altri dei." HPOS="765" VPOS="2916" WIDTH="663" HEIGHT="113"/>
          </TextLine>

          
        </TextBlock>
        
        <TextBlock HPOS="1559" VPOS="632" WIDTH="967" HEIGHT="2394" ID="eSc_textblock_9393d8d4" TAGREFS="BT19261">
          <Shape><Polygon POINTS="1559 632 1559 3026 2526 3026 2526 632"/></Shape>
          
          
          <TextLine ID="eSc_line_23b4b844" TAGREFS="LT6926" BASELINE="1586 703 2354 698" HPOS="1584" VPOS="654" WIDTH="770" HEIGHT="95">
            <Shape><Polygon POINTS="2316 678 2294 678 2272 678 2249 676 2227 676 2205 674 2183 674 2161 671 2139 671 2116 669 2114 669 2094 669 2072 667 2052 667 2043 669 2036 665 2028 665 2005 665 1983 663 1957 671 1906 660 1894 660 1872 658 1850 658 1843 656 1835 660 1795 671 1783 663 1783 660 1781 660 1779 660 1777 660 1775 660 1744 669 1712 658 1701 654 1699 654 1697 654 1695 654 1684 656 1661 665 1653 656 1650 656 1650 654 1648 654 1646 654 1644 654 1584 654 1584 656 1586 703 1586 725 1637 725 1659 745 1659 747 1661 747 1664 747 1666 749 1706 749 1706 747 1708 747 1710 747 1737 725 1777 725 1799 742 1801 742 1803 742 1806 742 1808 742 1850 727 1872 738 1874 738 1877 738 2005 734 2016 742 2016 745 2019 745 2021 745 2023 745 2025 745 2083 722 2143 745 2145 745 2147 745 2150 745 2196 727 2212 742 2212 745 2214 745 2216 745 2218 747 2303 747 2303 745 2305 745 2354 718 2354 698 2349 680 2338 680"/></Shape>
	    <String CONTENT="Le sue ꝑmutation non anno/ triegue" HPOS="1584" VPOS="654" WIDTH="770" HEIGHT="95"/>
          </TextLine>

          
          
          <TextLine ID="eSc_line_fb8d3083" TAGREFS="LT6926" BASELINE="1646 778 2167 765" HPOS="1644" VPOS="707" WIDTH="523" HEIGHT="109">
            <Shape><Polygon POINTS="1646 778 1646 809 1757 816 1759 816 1761 816 1764 816 1764 813 1772 805 1777 800 1835 800 1848 802 1901 813 1903 813 1906 813 1937 800 1988 811 1990 811 2165 789 2167 765 2165 729 2083 707 2081 707 2079 707 2076 707 2074 707 2048 729 1994 716 1992 716 1990 716 1988 716 1932 731 1928 731 1925 731 1843 714 1841 714 1839 714 1812 727 1730 716 1728 716 1726 716 1724 716 1724 718 1704 734 1699 738 1644 736 1646 778"/></Shape>
	    <String CONTENT="necessita la fa esẜ ueloce" HPOS="1644" VPOS="707" WIDTH="523" HEIGHT="109"/>
          </TextLine>

          
          
          <TextLine ID="eSc_line_1813dc27" TAGREFS="LT6926" BASELINE="1650 840 2363 827" HPOS="1648" VPOS="780" WIDTH="715" HEIGHT="109">
            <Shape><Polygon POINTS="1650 840 1650 889 1715 889 1715 887 1717 887 1719 887 1719 884 1721 884 1735 871 1746 882 1750 884 1750 887 1752 887 1755 887 1757 887 1792 884 1795 884 1797 884 1801 880 1821 864 1888 860 2070 860 2079 864 2112 876 2114 876 2116 876 2119 876 2121 876 2136 862 2161 873 2163 873 2165 873 2167 873 2192 862 2221 878 2223 878 2225 878 2294 876 2296 876 2363 849 2363 827 2360 798 2300 780 2298 780 2296 780 2294 780 2267 793 2216 782 2214 782 2212 782 2210 782 2190 796 2187 798 2183 796 2141 782 2139 782 2136 782 2134 782 2103 796 2092 800 2067 796 2028 789 2025 789 2023 789 2001 796 1979 802 1963 796 1945 787 1943 787 1941 787 1939 787 1912 796 1881 807 1830 807 1819 796 1812 791 1812 789 1810 789 1808 789 1770 789 1768 789 1766 789 1764 789 1764 791 1759 796 1748 807 1724 796 1715 791 1712 791 1710 791 1648 793 1650 840"/></Shape>
	    <String CONTENT="si spesso uien chi uicenda cõsegue." HPOS="1648" VPOS="780" WIDTH="715" HEIGHT="109"/>
          </TextLine>

          
          
          <TextLine ID="eSc_line_34bd2d51" TAGREFS="LT6926" BASELINE="1588 902 2398 891" HPOS="1586" VPOS="847" WIDTH="812" HEIGHT="82">
            <Shape><Polygon POINTS="1588 902 1588 929 2396 920 2398 891 2391 860 2227 862 2216 858 2192 847 2190 847 2187 847 2185 847 2183 847 2170 858 2165 862 1996 867 1965 856 1941 849 1939 849 1937 849 1934 849 1917 856 1899 864 1861 856 1837 851 1835 851 1832 851 1819 856 1783 869 1728 858 1726 858 1724 858 1721 858 1721 860 1708 873 1661 873 1644 856 1644 853 1641 853 1639 853 1637 853 1586 853 1588 902"/></Shape>
	    <String CONTENT="Questa e/ colei che/ tanto posta in croce" HPOS="1586" VPOS="847" WIDTH="812" HEIGHT="82"/>
          </TextLine>

          
          
          <TextLine ID="eSc_line_1bd2c36a" TAGREFS="LT6926" BASELINE="1646 966 2371 955" HPOS="1644" VPOS="904" WIDTH="727" HEIGHT="85">
            <Shape><Polygon POINTS="1646 966 1646 986 2367 989 2371 955 2367 922 2276 904 2274 904 2196 909 2194 909 2192 909 2192 911 2178 924 2152 924 2061 924 2043 911 2043 909 2041 909 2039 909 2036 909 1961 920 1937 909 1934 909 1932 909 1930 909 1897 927 1879 911 1877 911 1874 911 1826 911 1823 911 1821 911 1819 911 1819 913 1803 929 1644 929 1646 966"/></Shape>
	    <String CONTENT="pur da color che le dourien dar lode" HPOS="1644" VPOS="904" WIDTH="727" HEIGHT="85"/>
          </TextLine>

          
          
          <TextLine ID="eSc_line_e7edea97" TAGREFS="LT6926" BASELINE="1644 1029 2416 1017" HPOS="1641" VPOS="969" WIDTH="775" HEIGHT="88">
            <Shape><Polygon POINTS="1644 1029 1644 1057 2416 1042 2416 1017 2411 984 2258 969 2256 969 2254 969 2190 984 2107 971 2105 971 2103 971 2101 971 2079 989 1950 989 1925 975 1923 975 1921 975 1797 975 1795 975 1684 991 1661 978 1659 978 1657 978 1655 978 1653 978 1650 978 1650 980 1648 980 1641 984 1644 1029"/></Shape>
	    <String CONTENT="dandole biasimo a torto ⁊ mala uoce." HPOS="1641" VPOS="969" WIDTH="775" HEIGHT="88"/>
          </TextLine>

          
          
          <TextLine ID="eSc_line_35e59faf" TAGREFS="LT6926" BASELINE="1588 1093 2309 1080" HPOS="1586" VPOS="1033" WIDTH="723" HEIGHT="98">
            <Shape><Polygon POINTS="1588 1093 1588 1119 1670 1131 1673 1131 1746 1119 1750 1119 1752 1119 1777 1128 1779 1128 1781 1128 2309 1115 2309 1080 2303 1049 2241 1049 2238 1049 2201 1033 2198 1033 2196 1033 2194 1033 2192 1033 2192 1035 2174 1049 2172 1051 2163 1049 2065 1035 2063 1035 2061 1035 2030 1051 2025 1055 1908 1055 1903 1053 1888 1040 1886 1040 1883 1040 1823 1040 1821 1040 1726 1042 1724 1042 1721 1042 1701 1057 1697 1060 1686 1057 1646 1046 1644 1046 1641 1046 1586 1057 1588 1093"/></Shape>
	    <String CONTENT="Ma ella se beata ⁊ cio non ode" HPOS="1586" VPOS="1033" WIDTH="723" HEIGHT="98" WC="0.9879322906335195"/>
          </TextLine>

          
          
          <TextLine ID="eSc_line_b7fdd4e1" TAGREFS="LT6926" BASELINE="1650 1155 2334 1142" HPOS="1648" VPOS="1100" WIDTH="686" HEIGHT="88">
            <Shape><Polygon POINTS="1650 1155 1650 1175 1874 1188 1877 1188 1879 1188 1921 1173 2216 1182 2218 1182 2334 1162 2334 1142 2329 1111 2172 1100 2170 1100 2167 1100 2165 1100 2154 1111 2152 1111 2105 1102 2103 1102 2101 1102 2083 1111 2076 1115 1648 1115 1650 1155"/></Shape>
	    <String CONTENT="con laltre pͥme creature lieta" HPOS="1648" VPOS="1100" WIDTH="686" HEIGHT="88"/>
          </TextLine>

          
          
          <TextLine ID="eSc_line_420c8656" TAGREFS="LT6926" BASELINE="1653 1224 2347 1213" HPOS="1650" VPOS="1159" WIDTH="697" HEIGHT="105">
            <Shape><Polygon POINTS="1653 1224 1653 1253 1808 1264 1810 1264 1812 1264 1815 1264 1828 1253 1830 1250 1843 1253 1925 1264 1928 1264 1930 1264 1974 1250 1983 1248 1990 1250 2019 1261 2021 1261 2023 1261 2079 1250 2090 1248 2101 1250 2163 1259 2165 1259 2347 1246 2347 1213 2336 1159 2318 1173 2300 1162 2298 1159 2296 1159 2294 1159 2292 1159 2274 1162 2227 1173 2198 1166 2183 1162 2181 1162 2178 1162 2176 1162 2174 1162 2174 1164 2170 1166 2156 1177 2085 1170 2023 1164 2021 1164 2019 1164 2016 1164 2016 1166 2008 1173 1999 1179 1977 1175 1928 1164 1925 1164 1923 1164 1899 1177 1890 1182 1872 1179 1810 1166 1808 1166 1806 1166 1803 1166 1803 1168 1788 1182 1783 1184 1777 1182 1717 1168 1715 1168 1712 1168 1710 1168 1710 1170 1695 1186 1650 1186 1653 1224"/></Shape>
	    <String CONTENT="uolue sua spera ⁊ beata si gode." HPOS="1650" VPOS="1159" WIDTH="697" HEIGHT="105"/>
          </TextLine>

          
          
          <TextLine ID="eSc_line_94d5a109" TAGREFS="LT6926" BASELINE="1590 1292 2434 1281" HPOS="1588" VPOS="1230" WIDTH="846" HEIGHT="96">
            <Shape><Polygon POINTS="1590 1292 1590 1324 1644 1315 1726 1324 1757 1326 1759 1326 2431 1304 2434 1281 2429 1230 2356 1230 2354 1230 2352 1230 2349 1230 2323 1246 2245 1233 2232 1233 2229 1233 2227 1233 2225 1233 2225 1235 2205 1250 1890 1253 1815 1244 1755 1237 1752 1237 1588 1248 1590 1292"/></Shape>
	    <String CONTENT="Or discendiamo omai a maggior pieta" HPOS="1588" VPOS="1230" WIDTH="846" HEIGHT="96"/>
          </TextLine>

          
          
          <TextLine ID="eSc_line_2ce247ef" TAGREFS="LT6926" BASELINE="1648 1357 2354 1343" HPOS="1646" VPOS="1295" WIDTH="708" HEIGHT="97">
            <Shape><Polygon POINTS="1648 1357 1648 1392 1744 1388 1746 1388 1748 1388 1770 1375 1812 1375 1823 1386 1828 1388 1828 1390 1830 1390 1832 1390 1835 1390 1992 1386 1994 1386 1996 1386 2005 1377 2016 1370 2079 1375 2190 1381 2192 1381 2194 1381 2229 1368 2236 1366 2243 1366 2312 1381 2314 1381 2316 1381 2354 1361 2354 1343 2349 1310 2265 1295 2263 1295 2261 1295 2212 1310 2207 1310 1999 1299 1996 1299 1910 1301 1908 1301 1906 1301 1886 1315 1883 1317 1646 1317 1648 1357"/></Shape>
	    <String CONTENT="gia ongni stella cade che saliua" HPOS="1646" VPOS="1295" WIDTH="708" HEIGHT="97"/>
          </TextLine>

          
          
          <TextLine ID="eSc_line_78254757" TAGREFS="LT6926" BASELINE="1650 1419 2467 1403" HPOS="1648" VPOS="1357" WIDTH="819" HEIGHT="106">
            <Shape><Polygon POINTS="1650 1419 1650 1450 1670 1463 1673 1463 1675 1463 1677 1463 1779 1443 1792 1441 1810 1443 1901 1452 1903 1452 1906 1452 1908 1452 1908 1450 1919 1441 1921 1439 1934 1441 2059 1457 2061 1457 2063 1457 2139 1437 2147 1434 2150 1437 2167 1452 2167 1454 2170 1454 2172 1454 2174 1457 2214 1457 2214 1454 2256 1452 2258 1452 2261 1452 2261 1450 2278 1434 2281 1434 2303 1452 2305 1452 2307 1452 2309 1454 2347 1454 2347 1452 2349 1452 2352 1452 2352 1450 2371 1432 2467 1430 2467 1403 2465 1375 2407 1359 2405 1359 2403 1359 2400 1359 2398 1359 2385 1368 2374 1359 2374 1357 2371 1357 2369 1357 2367 1357 2298 1372 2256 1359 2254 1359 2252 1359 2249 1359 2247 1359 2225 1377 2019 1363 2016 1363 2014 1363 2012 1363 2012 1366 1992 1383 1881 1383 1766 1368 1764 1368 1648 1388 1650 1419"/></Shape>
	    <String CONTENT="quandio mi mossi ltroppo star si uieta." HPOS="1648" VPOS="1357" WIDTH="819" HEIGHT="106"/>
          </TextLine>

          
          
          <TextLine ID="eSc_line_4f079d16" TAGREFS="LT6926" BASELINE="1588 1479 2318 1472" HPOS="1586" VPOS="1423" WIDTH="732" HEIGHT="93">
            <Shape><Polygon POINTS="1588 1479 1588 1516 1930 1505 1992 1512 2012 1514 2014 1514 2028 1512 2076 1501 2316 1508 2318 1472 2312 1428 2178 1439 2165 1428 2161 1426 2161 1423 2158 1423 2156 1423 2099 1423 2096 1423 2094 1423 2092 1423 2087 1428 2070 1441 2021 1441 2008 1430 2008 1428 2005 1428 2003 1428 2001 1428 1999 1428 1994 1428 1961 1439 1943 1430 1939 1426 1937 1426 1934 1426 1932 1426 1786 1428 1783 1428 1777 1430 1737 1443 1586 1432 1588 1479"/></Shape>
	    <String CONTENT="Noi ricidem̃o il cerchio a laltra riua" HPOS="1586" VPOS="1423" WIDTH="732" HEIGHT="93"/>
          </TextLine>

          
          
          <TextLine ID="eSc_line_9dd4835f" TAGREFS="LT6926" BASELINE="1650 1548 2334 1536" HPOS="1644" VPOS="1487" WIDTH="689" HEIGHT="103">
            <Shape><Polygon POINTS="1647 1546 1647 1590 2333 1576 2333 1533 2323 1487 1644 1503 1647 1546"/></Shape>
	    <String CONTENT="souruna fonte che bolle ⁊ riuersa" HPOS="1644" VPOS="1487" WIDTH="689" HEIGHT="103"/>
          </TextLine>

          
          
          <TextLine ID="eSc_line_6e20d35b" TAGREFS="LT6926" BASELINE="1655 1607 2283 1599" HPOS="1653" VPOS="1554" WIDTH="630" HEIGHT="100">
            <Shape><Polygon POINTS="1655 1607 1655 1654 1697 1652 1699 1652 1701 1652 1701 1650 1719 1634 1770 1652 1772 1652 1775 1652 1841 1652 1859 1650 1861 1650 1908 1632 2003 1645 2005 1645 2099 1630 2278 1641 2283 1599 2278 1570 2207 1554 2205 1554 2203 1554 2163 1567 2136 1554 2134 1554 2132 1554 2130 1554 2087 1565 1965 1556 1963 1556 1961 1556 1919 1572 1828 1559 1826 1559 1823 1559 1821 1559 1821 1561 1812 1570 1790 1561 1788 1561 1786 1561 1783 1561 1781 1561 1764 1576 1653 1576 1655 1607"/></Shape>
	    <String CONTENT="ꝑ un fossato che da lei deriua." HPOS="1653" VPOS="1554" WIDTH="630" HEIGHT="100"/>
          </TextLine>

          
          
          <TextLine ID="eSc_line_40517b83" TAGREFS="LT6926" BASELINE="1577 1672 2347 1665" HPOS="1575" VPOS="1612" WIDTH="772" HEIGHT="95">
            <Shape><Polygon POINTS="1577 1672 1577 1707 2347 1701 2347 1665 2338 1618 2269 1636 2238 1618 2229 1612 2227 1612 2225 1612 2223 1612 2221 1612 2218 1612 2210 1618 2183 1634 2087 1638 2054 1618 2054 1616 2052 1616 2050 1616 2048 1616 2045 1616 2041 1618 1996 1638 1941 1638 1906 1618 1901 1616 1899 1616 1897 1616 1894 1616 1892 1616 1892 1618 1868 1641 1772 1641 1755 1630 1752 1630 1750 1630 1748 1630 1699 1641 1670 1618 1670 1616 1668 1616 1666 1616 1664 1616 1575 1616 1577 1672"/></Shape>
	    <String CONTENT="Lacqua era buia assai piu che ꝑsa" HPOS="1575" VPOS="1612" WIDTH="772" HEIGHT="95" WC="0.9828590588136152"/>
          </TextLine>

          
          
          <TextLine ID="eSc_line_729a8a61" TAGREFS="LT6926" BASELINE="1655 1736 2363 1729" HPOS="1653" VPOS="1685" WIDTH="710" HEIGHT="93">
            <Shape><Polygon POINTS="1655 1736 1655 1756 1770 1756 1772 1756 1881 1778 1883 1778 2363 1756 2363 1729 2358 1703 2125 1685 2123 1685 2121 1685 2119 1685 2119 1687 2103 1701 2065 1687 2063 1687 2061 1687 2059 1687 2056 1687 2056 1689 2041 1703 2008 1692 2005 1692 2003 1692 1886 1705 1679 1694 1677 1694 1675 1694 1673 1694 1653 1703 1655 1736"/></Shape>
	    <String CONTENT="⁊ noi in compagnia de londe bigie" HPOS="1653" VPOS="1685" WIDTH="710" HEIGHT="93"/>
          </TextLine>

          
          
          <TextLine ID="eSc_line_0232debe" TAGREFS="LT6926" BASELINE="1657 1800 2349 1789" HPOS="1655" VPOS="1743" WIDTH="694" HEIGHT="88">
            <Shape><Polygon POINTS="1657 1800 1657 1818 1852 1816 1868 1820 1894 1831 1897 1831 1899 1831 1901 1831 1919 1823 1932 1814 1945 1823 1948 1825 1950 1825 1952 1825 1954 1825 1957 1825 1963 1823 1985 1814 2032 1823 2067 1829 2070 1829 2223 1825 2225 1825 2227 1825 2276 1809 2292 1823 2292 1825 2294 1825 2296 1825 2298 1827 2347 1827 2349 1789 2345 1760 2263 1743 2261 1743 2147 1754 2125 1745 2123 1745 2121 1745 2119 1745 2067 1763 2065 1765 2010 1765 1939 1765 1910 1749 1908 1749 1906 1749 1903 1749 1901 1749 1901 1752 1886 1765 1886 1767 1835 1767 1821 1767 1797 1749 1795 1749 1792 1749 1790 1749 1655 1767 1657 1800"/></Shape>
	    <String CONTENT="intrãmo qui ꝑ una uia diuersa." HPOS="1655" VPOS="1743" WIDTH="694" HEIGHT="88"/>
          </TextLine>

          
          
          <TextLine ID="eSc_line_be25cb91" TAGREFS="LT6926" BASELINE="1580 1862 2339 1870" HPOS="1574" VPOS="1789" WIDTH="762" HEIGHT="107">
            <Shape><Polygon POINTS="1797 1799 1780 1816 1660 1816 1580 1789 1577 1859 1574 1896 2333 1889 2336 1869 2336 1813 2243 1799 2239 1799 2236 1799 2233 1799 2223 1809 2203 1823 2086 1823 2030 1803 2010 1796 2006 1796 2003 1796 2000 1796 1996 1796 1996 1799 1993 1799 1977 1819 1880 1819 1820 1796 1810 1799"/></Shape>
	    <String CONTENT="In la palude ua cha/ nome stige" HPOS="1574" VPOS="1789" WIDTH="762" HEIGHT="107"/>
          </TextLine>

          
          
          <TextLine ID="eSc_line_27d0a07b" TAGREFS="LT6926" BASELINE="1657 1929 2391 1920" HPOS="1655" VPOS="1874" WIDTH="736" HEIGHT="99">
            <Shape><Polygon POINTS="1657 1929 1657 1951 1699 1951 1704 1953 1737 1971 1739 1971 1741 1973 1770 1973 1770 1971 1772 1971 1775 1971 1775 1969 1790 1956 1795 1951 1868 1951 1874 1956 1879 1960 1879 1962 1881 1962 1883 1962 1886 1962 1914 1958 1943 1951 1957 1958 1977 1967 1979 1967 1981 1967 1983 1967 2014 1958 2034 1953 2056 1960 2081 1967 2083 1967 2085 1967 2087 1967 2112 1960 2141 1953 2387 1964 2391 1920 2387 1874 2170 1874 2167 1874 2165 1874 2163 1874 2163 1876 2156 1880 2147 1891 2107 1891 2099 1882 2092 1876 2092 1874 2090 1874 2087 1874 2043 1874 2041 1874 2039 1874 2036 1874 2023 1885 2016 1891 1999 1885 1983 1880 1981 1880 1979 1880 1939 1887 1917 1891 1908 1889 1872 1876 1870 1876 1868 1876 1866 1876 1863 1876 1843 1891 1841 1893 1655 1896 1657 1929"/></Shape>
	    <String CONTENT="questo tristo rusciel quande/ disceso" HPOS="1655" VPOS="1874" WIDTH="736" HEIGHT="99"/>
          </TextLine>

          
          
          <TextLine ID="eSc_line_f2e19212" TAGREFS="LT6926" BASELINE="1657 1993 2398 1989" HPOS="1655" VPOS="1940" WIDTH="743" HEIGHT="98">
            <Shape><Polygon POINTS="1657 1993 1657 2031 1732 2038 1735 2038 1737 2038 1739 2038 1750 2029 1775 2011 1930 2011 1943 2022 1959 2035 1959 2038 1961 2038 1963 2038 1965 2038 2043 2020 2052 2018 2056 2020 2092 2035 2094 2035 2096 2038 2265 2038 2265 2035 2267 2035 2269 2035 2269 2033 2296 2011 2296 2009 2396 2007 2398 1989 2391 1956 2303 1956 2298 1956 2263 1940 2261 1940 2258 1940 2256 1940 2254 1940 2254 1942 2238 1956 2236 1956 2225 1956 2163 1947 2161 1947 2063 1956 2016 1958 2005 1956 1974 1942 1972 1942 1970 1942 1968 1942 1923 1956 1910 1958 1903 1956 1879 1942 1877 1942 1790 1942 1788 1942 1786 1942 1783 1942 1783 1944 1772 1956 1770 1958 1761 1956 1730 1942 1728 1942 1726 1942 1655 1953 1657 1993"/></Shape>
	    <String CONTENT="al pie delle maligne piagge glige." HPOS="1655" VPOS="1940" WIDTH="743" HEIGHT="98"/>
          </TextLine>

          
          
          <TextLine ID="eSc_line_4ec4cda8" TAGREFS="LT6926" BASELINE="1606 2058 2314 2047" HPOS="1604" VPOS="1998" WIDTH="710" HEIGHT="102">
            <Shape><Polygon POINTS="1606 2058 1606 2089 1670 2100 1673 2100 1675 2100 1695 2091 1704 2084 2003 2082 2056 2091 2072 2093 2074 2093 2096 2091 2203 2078 2218 2091 2221 2091 2223 2091 2225 2093 2312 2093 2314 2047 2305 1998 2263 2018 2225 2009 2223 2009 2221 2009 2163 2022 2099 2022 2076 2002 2074 2002 2072 2002 2070 2002 2067 2002 2065 2002 2021 2024 1950 2024 1914 2007 1910 2004 1908 2004 1906 2004 1746 2007 1744 2007 1741 2007 1741 2009 1739 2009 1724 2027 1677 2011 1670 2009 1668 2009 1666 2009 1604 2011 1606 2058"/></Shape>
	    <String CONTENT="Et io che di mirare staua inteso" HPOS="1604" VPOS="1998" WIDTH="710" HEIGHT="102"/>
          </TextLine>

          
          
          <TextLine ID="eSc_line_9f781577" TAGREFS="LT6926" BASELINE="1661 2117 2400 2111" HPOS="1659" VPOS="2066" WIDTH="741" HEIGHT="96">
            <Shape><Polygon POINTS="1661 2117 1661 2137 1728 2162 1730 2162 1732 2162 1735 2162 1781 2149 1903 2162 1906 2162 2023 2160 2025 2160 2028 2160 2050 2146 2116 2160 2119 2160 2121 2160 2203 2135 2374 2146 2376 2146 2378 2146 2380 2146 2400 2133 2400 2111 2394 2082 2245 2082 2174 2066 2172 2066 2170 2066 2167 2066 2147 2084 2145 2086 2067 2086 2048 2086 2010 2069 2008 2069 2005 2069 2003 2069 1954 2084 1908 2069 1906 2069 1903 2069 1772 2086 1695 2071 1693 2071 1690 2071 1659 2086 1661 2117"/></Shape>
	    <String CONTENT="uidi genti fangose in quel pantano" HPOS="1659" VPOS="2066" WIDTH="741" HEIGHT="96"/>
          </TextLine>

          
          
          <TextLine ID="eSc_line_e10c5c9d" TAGREFS="LT6926" BASELINE="1666 2184 2416 2177" HPOS="1664" VPOS="2129" WIDTH="752" HEIGHT="104">
            <Shape><Polygon POINTS="1666 2184 1666 2233 1775 2211 1879 2222 1881 2222 2014 2208 2059 2228 2061 2228 2063 2228 2065 2228 2067 2228 2101 2208 2125 2217 2127 2217 2130 2217 2218 2206 2287 2226 2289 2226 2292 2226 2416 2224 2416 2177 2411 2135 2163 2129 2161 2129 2158 2129 2125 2142 2110 2146 2092 2142 2052 2131 2050 2131 2048 2131 2045 2131 2043 2131 2043 2133 2032 2144 2028 2149 1812 2149 1810 2149 1781 2133 1779 2133 1777 2133 1775 2133 1772 2133 1772 2135 1757 2149 1757 2151 1664 2151 1666 2184"/></Shape>
	    <String CONTENT="ignude tucte con sembiante offeso." HPOS="1664" VPOS="2129" WIDTH="752" HEIGHT="104"/>
          </TextLine>

          
          
          <TextLine ID="eSc_line_1dd89f9c" TAGREFS="LT6926" BASELINE="1595 2251 2383 2244" HPOS="1593" VPOS="2188" WIDTH="790" HEIGHT="111">
            <Shape><Polygon POINTS="1595 2251 1595 2288 1708 2279 1719 2288 1726 2295 1726 2297 1728 2297 1730 2297 1732 2299 1854 2299 1854 2297 1894 2295 1897 2295 1899 2295 1899 2293 1908 2284 1917 2277 2005 2282 2112 2288 2114 2288 2178 2277 2203 2275 2207 2277 2229 2293 2232 2293 2234 2293 2236 2295 2307 2295 2307 2293 2309 2293 2383 2273 2383 2244 2376 2213 2269 2213 2261 2208 2223 2188 2221 2188 2218 2188 2216 2188 2172 2204 2141 2193 2139 2193 2136 2193 2134 2193 2132 2193 2119 2206 2105 2215 1961 2204 1959 2204 1857 2215 1812 2197 1810 2197 1808 2197 1806 2197 1803 2197 1801 2197 1783 2211 1755 2197 1752 2197 1750 2197 1748 2197 1712 2208 1695 2195 1695 2193 1693 2193 1690 2193 1593 2193 1595 2251"/></Shape>
	    <String CONTENT="Questi si ꝑcotean non pur cõ mano" HPOS="1593" VPOS="2188" WIDTH="790" HEIGHT="111"/>
          </TextLine>

          
          
          <TextLine ID="eSc_line_1507f2ff" TAGREFS="LT6926" BASELINE="1666 2315 2423 2308" HPOS="1664" VPOS="2262" WIDTH="759" HEIGHT="88">
            <Shape><Polygon POINTS="1666 2315 1666 2350 1737 2339 1788 2348 1803 2350 1806 2350 1808 2350 1810 2350 1812 2348 1835 2335 1925 2346 1939 2346 1941 2346 1943 2346 1945 2346 1945 2344 1961 2333 2043 2333 2081 2341 2105 2348 2107 2348 2110 2348 2183 2344 2185 2344 2187 2344 2187 2341 2192 2339 2201 2330 2243 2337 2292 2346 2294 2346 2420 2333 2423 2308 2418 2277 2336 2262 2334 2262 2332 2262 2329 2262 2307 2277 2303 2279 2249 2279 2245 2277 2205 2262 2203 2262 2201 2262 2198 2262 2170 2277 2163 2279 2150 2277 2092 2264 2090 2264 2087 2264 2034 2277 2025 2279 2019 2277 1988 2264 1985 2264 1983 2264 1981 2264 1930 2277 1928 2277 1925 2277 1861 2266 1859 2266 1857 2266 1854 2266 1854 2268 1843 2277 1839 2282 1664 2279 1666 2315"/></Shape>
	    <String CONTENT="ma con la testa ⁊ col pecto ⁊ coi piedi" HPOS="1664" VPOS="2262" WIDTH="759" HEIGHT="88"/>
          </TextLine>

          
          
          <TextLine ID="eSc_line_1757c705" TAGREFS="LT6926" BASELINE="1661 2377 2418 2377" HPOS="1661" VPOS="2328" WIDTH="757" HEIGHT="87">
            <Shape><Polygon POINTS="1661 2377 1661 2397 1821 2412 1823 2415 1921 2415 1921 2412 1923 2412 1925 2412 1925 2410 1939 2399 2316 2412 2318 2412 2418 2397 2418 2377 2418 2344 2314 2344 2312 2341 2296 2328 2294 2328 2292 2328 2289 2328 2238 2339 2229 2341 2218 2339 2167 2328 2165 2328 2163 2328 2132 2339 2123 2341 2110 2337 2081 2328 2079 2328 2076 2328 2074 2328 2072 2328 2061 2337 2056 2341 2041 2337 2008 2328 2005 2328 2003 2328 2001 2328 1970 2337 1948 2341 1932 2335 1912 2328 1910 2328 1817 2328 1815 2328 1812 2328 1810 2328 1803 2333 1788 2341 1661 2333 1661 2377"/></Shape>
	    <String CONTENT="troncandosi codenti a brano a brano." HPOS="1661" VPOS="2328" WIDTH="757" HEIGHT="87"/>
          </TextLine>

          
          
          <TextLine ID="eSc_line_83810408" TAGREFS="LT6926" BASELINE="1606 2435 2409 2446" HPOS="1604" VPOS="2377" WIDTH="805" HEIGHT="102">
            <Shape><Polygon POINTS="1706 2379 1704 2379 1701 2379 1670 2397 1655 2381 1655 2379 1653 2379 1650 2379 1606 2377 1606 2435 1604 2459 1801 2479 1803 2479 2407 2475 2409 2446 2409 2399 2334 2388 2332 2388 2329 2388 2327 2388 2316 2395 2305 2404 2247 2395 2198 2386 2196 2386 2194 2386 2178 2392 2161 2399 2107 2390 2070 2384 2067 2384 2065 2384 2063 2384 2056 2388 2039 2401 2019 2388 2014 2384 2012 2384 2010 2384 2008 2384 2005 2384 2003 2384 1999 2386 1974 2401 1941 2388 1939 2388 1937 2388 1934 2388 1910 2401 1783 2401 1708 2379 1706 2379"/></Shape>
	    <String CONTENT="Lo buon maestro disse/ figlio or uedi" HPOS="1604" VPOS="2377" WIDTH="805" HEIGHT="102"/>
          </TextLine>

          
          
          <TextLine ID="eSc_line_8d75dff7" TAGREFS="LT6926" BASELINE="1670 2510 2369 2506" HPOS="1668" VPOS="2457" WIDTH="701" HEIGHT="89">
            <Shape><Polygon POINTS="1670 2510 1670 2532 1821 2546 1823 2546 2367 2534 2369 2506 2365 2463 2332 2457 2329 2457 2327 2457 2314 2461 2287 2472 2254 2461 2234 2457 2232 2457 2229 2457 2227 2457 2225 2457 2225 2459 2221 2461 2214 2470 2059 2472 1963 2461 1939 2459 1937 2459 1934 2459 1925 2461 1886 2475 1870 2461 1870 2459 1868 2459 1866 2459 1828 2459 1826 2459 1823 2459 1821 2459 1821 2461 1801 2477 1746 2477 1719 2461 1719 2459 1717 2459 1715 2459 1712 2459 1668 2459 1670 2510"/></Shape>
	    <String CONTENT="lanime di color cui uinse lira" HPOS="1668" VPOS="2457" WIDTH="701" HEIGHT="89"/>
          </TextLine>

          
          
          <TextLine ID="eSc_line_6f9162a9" TAGREFS="LT6926" BASELINE="1668 2570 2363 2570" HPOS="1668" VPOS="2523" WIDTH="695" HEIGHT="93">
            <Shape><Polygon POINTS="1668 2570 1668 2594 1764 2594 1766 2594 1786 2614 1786 2616 1788 2616 1790 2616 1792 2616 1795 2616 1863 2597 1866 2597 1903 2597 1972 2599 1988 2614 1988 2616 1990 2616 1992 2616 1994 2616 2119 2614 2121 2614 2167 2601 2194 2594 2218 2601 2249 2612 2252 2612 2254 2612 2256 2612 2258 2612 2272 2603 2276 2601 2360 2603 2363 2570 2363 2534 2249 2523 2247 2523 2198 2534 2185 2539 1992 2539 1990 2537 1974 2523 1972 2523 1970 2523 1881 2523 1879 2523 1877 2523 1826 2537 1821 2537 1819 2537 1755 2523 1752 2523 1750 2523 1748 2523 1732 2537 1732 2539 1668 2539 1668 2570"/></Shape>
	    <String CONTENT="⁊ anche uo che tu ꝑ certo credi." HPOS="1668" VPOS="2523" WIDTH="695" HEIGHT="93"/>
          </TextLine>

          
          
          <TextLine ID="eSc_line_41250830" TAGREFS="LT6926" BASELINE="1602 2643 2425 2634" HPOS="1599" VPOS="2579" WIDTH="826" HEIGHT="102">
            <Shape><Polygon POINTS="1602 2643 1602 2663 1715 2663 1759 2681 1761 2681 1764 2681 1766 2681 1768 2681 1768 2679 1783 2665 1908 2665 1943 2679 1945 2679 1948 2679 1950 2679 2005 2661 2012 2659 2016 2661 2048 2676 2050 2676 2052 2676 2132 2661 2134 2661 2136 2661 2187 2676 2190 2676 2192 2676 2425 2659 2425 2634 2416 2583 2374 2594 2314 2585 2283 2581 2281 2581 2278 2581 2276 2581 2269 2585 2256 2594 2225 2588 2203 2583 2201 2583 2198 2583 2196 2583 2190 2588 2174 2599 2074 2599 2056 2592 2019 2579 2016 2579 2014 2579 2012 2579 1979 2594 1965 2599 1952 2594 1932 2588 1930 2588 1928 2588 1925 2588 1908 2597 1901 2599 1894 2597 1861 2581 1859 2581 1857 2581 1854 2581 1852 2581 1852 2583 1837 2597 1835 2601 1792 2601 1788 2599 1761 2585 1759 2585 1626 2583 1624 2583 1622 2583 1619 2583 1599 2594 1602 2643"/></Shape>
	    <String CONTENT="Che sotto lacqua/ a/ gente che sospira" HPOS="1599" VPOS="2579" WIDTH="826" HEIGHT="102"/>
          </TextLine>

          
          
          <TextLine ID="eSc_line_210011e0" TAGREFS="LT6926" BASELINE="1670 2701 2469 2696" HPOS="1668" VPOS="2650" WIDTH="801" HEIGHT="100">
            <Shape><Polygon POINTS="2467 2683 2460 2665 2345 2650 2343 2650 2340 2650 2338 2650 2338 2652 2323 2667 2216 2667 2154 2650 2152 2650 2150 2650 2065 2667 2023 2652 2021 2652 1957 2652 1954 2652 1952 2652 1950 2652 1950 2654 1939 2665 1925 2654 1925 2652 1923 2652 1921 2652 1919 2652 1917 2652 1872 2665 1823 2652 1821 2652 1819 2652 1750 2667 1719 2652 1717 2652 1715 2652 1712 2652 1668 2667 1670 2701 1670 2734 1721 2750 1724 2750 1726 2750 1806 2734 1826 2730 1835 2734 1866 2747 1868 2747 1870 2747 1872 2747 1874 2747 1890 2734 1943 2741 1945 2741 1948 2741 1981 2732 1990 2730 1999 2732 2063 2750 2065 2750 2067 2750 2070 2750 2125 2734 2154 2747 2156 2747 2158 2747 2161 2747 2163 2747 2183 2730 2185 2730 2267 2747 2269 2747 2272 2747 2307 2727 2332 2747 2334 2747 2336 2747 2338 2750 2394 2750 2394 2747 2396 2747 2398 2747 2398 2745 2416 2727 2467 2725 2469 2696 2467 2681 2467 2683"/></Shape>
	    <String CONTENT="⁊ fanno pulular questacqua al sum̃o" HPOS="1668" VPOS="2650" WIDTH="801" HEIGHT="100"/>
          </TextLine>

          
          
          <TextLine ID="eSc_line_65764829" TAGREFS="LT6926" BASELINE="1673 2765 2391 2772" HPOS="1670" VPOS="2718" WIDTH="721" HEIGHT="89">
            <Shape><Polygon POINTS="1673 2765 1670 2783 1812 2787 1837 2803 1839 2803 1841 2803 1843 2803 1908 2789 1983 2805 1985 2805 2181 2796 2192 2805 2192 2807 2194 2807 2196 2807 2198 2807 2389 2789 2391 2772 2387 2736 2247 2738 2238 2734 2212 2723 2210 2723 2207 2723 2205 2723 2174 2734 2165 2738 2154 2734 2121 2721 2119 2721 2116 2721 2114 2721 2083 2734 2076 2736 2056 2734 1954 2721 1952 2721 1950 2721 1925 2734 1923 2736 1919 2734 1899 2718 1897 2718 1894 2718 1892 2718 1890 2718 1859 2732 1790 2718 1788 2718 1786 2718 1783 2718 1783 2721 1770 2734 1768 2734 1673 2734 1673 2765"/></Shape>
	    <String CONTENT="come locchio ti dice/ u che saggira." HPOS="1670" VPOS="2718" WIDTH="721" HEIGHT="89"/>
          </TextLine>

          
          
          <TextLine ID="eSc_line_22d66919" TAGREFS="LT6926" BASELINE="1593 2832 2423 2825" HPOS="1590" VPOS="2776" WIDTH="833" HEIGHT="98">
            <Shape><Polygon POINTS="1593 2832 1593 2867 1717 2872 1719 2872 1721 2872 1724 2872 1724 2869 1730 2865 1741 2854 1775 2865 1797 2872 1799 2872 1801 2874 1837 2874 1837 2872 1839 2872 1841 2872 1852 2863 1870 2852 1932 2852 1945 2863 1952 2867 1952 2869 1954 2869 1957 2869 1959 2869 2005 2860 2041 2854 2056 2860 2079 2869 2081 2869 2083 2869 2132 2858 2167 2849 2187 2856 2212 2867 2214 2867 2216 2867 2274 2856 2305 2849 2418 2852 2423 2825 2414 2776 2343 2794 2123 2783 2092 2783 2090 2783 2079 2785 2030 2796 2005 2787 1996 2783 1994 2783 1992 2783 1990 2783 1988 2783 1983 2787 1972 2794 1952 2787 1917 2778 1914 2778 1912 2778 1910 2778 1888 2789 1874 2796 1861 2789 1835 2781 1832 2781 1830 2781 1761 2794 1730 2798 1708 2794 1628 2781 1626 2781 1624 2781 1590 2794 1593 2832"/></Shape>
	    <String CONTENT="Ficti nellimo di contristi fum̃o" HPOS="1590" VPOS="2776" WIDTH="833" HEIGHT="98"/>
          </TextLine>

          
          
          <TextLine ID="eSc_line_24ca9f92" TAGREFS="LT6926" BASELINE="1670 2891 2376 2896" HPOS="1668" VPOS="2838" WIDTH="708" HEIGHT="100">
            <Shape><Polygon POINTS="1670 2891 1668 2931 1808 2920 1932 2931 1934 2931 1937 2931 1952 2923 1970 2934 1972 2936 1974 2936 1977 2936 1979 2936 2001 2934 2087 2923 2114 2934 2127 2938 2130 2938 2132 2938 2134 2938 2145 2934 2172 2923 2201 2934 2214 2938 2216 2938 2218 2938 2221 2938 2232 2934 2243 2927 2254 2934 2261 2938 2263 2938 2265 2938 2267 2938 2374 2931 2376 2896 2374 2856 2278 2840 2276 2840 2274 2840 2243 2852 2050 2840 2048 2840 2045 2840 2043 2840 2043 2843 2032 2854 2030 2854 1959 2854 1959 2852 1945 2840 1945 2838 1943 2838 1941 2838 1939 2838 1670 2849 1670 2891"/></Shape>
	    <String CONTENT="nellaere dolce che dal sol sallegra" HPOS="1668" VPOS="2838" WIDTH="708" HEIGHT="100"/>
          </TextLine>

          
          
          <TextLine ID="eSc_line_c13022b9" TAGREFS="LT6926" BASELINE="1677 2951 2371 2958" HPOS="1675" VPOS="2905" WIDTH="696" HEIGHT="106">
            <Shape><Polygon POINTS="1677 2951 1675 3005 1788 3007 1790 3007 1792 3007 1801 3002 1830 2987 1883 2987 1901 3000 1903 3002 1906 3002 1908 3002 1910 3002 1930 3000 1974 2994 1983 2998 1996 3009 1999 3009 2001 3009 2003 3009 2005 3009 2048 2998 2081 2989 2127 2996 2236 3011 2238 3011 2241 3011 2289 2991 2294 2991 2369 2991 2371 2958 2367 2925 2276 2925 2272 2923 2247 2911 2245 2911 2243 2911 2241 2911 2238 2911 2221 2923 2216 2925 2210 2923 2172 2909 2170 2909 2167 2909 2165 2909 2163 2909 2145 2923 2139 2925 2134 2920 2105 2907 2103 2907 2028 2907 2025 2907 2023 2907 2021 2907 2021 2909 2008 2920 2003 2925 1968 2925 1923 2923 1923 2920 1912 2907 1910 2907 1910 2905 1908 2905 1906 2905 1903 2905 1677 2916 1677 2951"/></Shape>
	    <String CONTENT="portando dentro accidioso fũmo." HPOS="1675" VPOS="2905" WIDTH="696" HEIGHT="106"/>
          </TextLine>

          
        </TextBlock>
        

        
      </PrintSpace>
    </Page>
  </Layout>
</alto>
