2656 3992
301 532 686 88 ꝑ chio dissi / maestro esti tormenti

355 585 659 106 crescerancei dopo la gran sentença

359 667 606 64 o fier minori o saran si cocenti.

295 716 705 86 Et elli a me ritorna/ a tua sciença

357 780 696 91 che uuol quanto la cosa e/ piu ꝑfetta

357 847 699 84 piu senta il bene ⁊ cosi la doglença.

292 904 729 97 Tucto che questa gente maladecta

359 978 661 84 in uera ꝑfection giamai nõ uada

350 1035 668 89 di la piu che di qua esser aspecta.

306 1091 709 96 Noi aggirãmo atondo quella strada

361 1168 644 89 parlando piu assai chio nõ ridico

357 1230 672 91 uenĩmo al puncto doue si digrada.

301 1297 861 93 Quiui trouãmo Pluto il gran nemico.

352 1363 730 87 Canto .uii. doue si dimostra del quar

361 1434 690 80 to/ cerchio del inferno. ⁊ alquanto

361 1494 728 91 del quinto. qui pone la pena del pec

359 1552 706 75 cato dellauaritia. et del uitio de la

361 1612 721 100 prodigalita. et del dimonio pluto.

363 1678 537 102 Et quello che e fortuna.

474 1944 635 83 comincio Pluto con la uoce chioccia

450 2009 657 95 ⁊ quel sauio gentil che tutto seppe.

302 2069 683 96 Disse ꝑ confortarmi non ti noccia

377 2137 685 91 La tua paura che poder chelli abbia

368 2200 683 90 nonci torra/ lo scender questa roccia

292 2248 796 140 Poi si riuolse a quella in fiata labbia

368 2337 550 89 ⁊ disse taci maladetto lupo.

343 2404 702 79 cõsuma dentro te cõ la tua rabbia.

326 2463 719 83 Non e sança cagion landare al cupo

374 2521 664 91 uuolsi nel lalto la doue Michele

374 2588 646 95 fe la uendetta del suꝑbo strupo

312 2638 716 93 Quali dal uento le gomfiate uele

381 2714 743 91 caggiono aduolte por che lalber fiaccha

379 2783 697 104 tal cadde a terra la fiera crudele.

475 1856 576 110 ape sathan pape sathan alepe

1233 514 701 95 Cosi scendem̃o nella quarta lacca

1275 583 648 82 pigliando piu della dolente ripa

1275 645 757 89 chel mal delluniuerso tutto insacca.

1215 709 735 100 Ai guistizia di dio tante chistipa

1280 780 723 84 noue trauagle ⁊ pene quanti uiddi

1280 840 657 87 ⁊ ꝑ che nostra colpa sine scipa.

1220 893 725 93 Come fa Londa la soura cariddi

1284 964 797 102 che si frange/ con quella in cui sintoppa

1284 1031 752 91 cosi conuien che qui la gente riddi.

1218 1095 792 89 Qui uidi gente piu caltroue troppa

1278 1159 721 85 ⁊ duna ꝑte ⁊ daltra con grandurli

1282 1224 657 100 uoltãdo pesi ꝑ força di poppa.

1231 1292 768 91 Percoteãsi/ in contro ⁊ poscia pur li

1284 1357 719 82 si riuolgea/ cia scun uoltando retro

1282 1419 721 97 gridando ꝑche tieni ⁊ ꝑche burli.

1218 1485 756 91 Cosi tornauan ꝑ lo cerchio tetro

1282 1552 730 82 da ogni mano allopposito puncto

1282 1610 774 88 gridando si anche loro ontoso metro

1242 1672 823 102 Poi si uolgea ciascun quandera giũto

1282 1740 783 102 ꝑ lo suo meçço cerchio a laltra giostra

1278 1818 761 73 ⁊ io chauea/ lo cor quasi compunto.

1227 1867 734 89 Dissi maestro mio or mi dimostra

1278 1933 761 96 che gente e/ q̃sta ⁊ se tutti fuor cherci

1284 1995 744 98 questi chercuti a la sinistra nostra.

1224 2069 812 80 Et elli ame tutti quanti fuor guerci

1284 2131 730 84 si della mente in la uita primaia

1286 2193 730 89 che cõ misura nullo spendio ferci.

1229 2246 730 98 Assai la boce loro chiaro labbaia

1284 2322 797 95 quando uegnono adue pũti del cerchio

1271 2392 701 87 doue colpa contraria li dispaia.

1224 2452 806 96 Questi fuor cherci che nõ an/ coꝑchio

1284 2514 650 105 piloso al capo ⁊ papi ⁊ cardinali

1286 2583 722 91 in cui uso/ auaritia il suo soꝑchio.

1229 2648 652 86 Et io maestro tra questi cotali

1293 2707 670 76 doureio ben riconoscere alcuni

1284 2772 717 108 che furo inmondi di cotesti mali.
