3442 4742
300.0 177.0 1087.0 241.0 Que msgrido ꝑ ke se tu si ghordo

450.0 318.0 1234.0 185.0 di riguardar piu me che gli altri brutti.

461.0 421.0 912.0 166.0 ⁊ io allui ꝑ ke se ben ricordo

320.0 525.0 1043.0 170.0 Gia to ueduto co capelli asciutti.

461.0 621.0 917.0 148.0 ⁊ se Alesso interminei da luccha.

469.0 711.0 998.0 161.0 ꝑo tadocchio piu ke gli altri tutti

268.0 802.0 1134.0 166.0 Et elli allor battendosi la zuccha

453.0 911.0 1128.0 148.0 quaggiu maño sõmerse le lusinghe

453.0 1019.0 1059.0 137.0 ondio nõ ebbi mai la lingua stuccha

276.0 1098.0 1241.0 182.0 Apresso cio lo duca fa ke pinghe

461.0 1222.0 1022.0 129.0 mi disse il uiso un poco piu auante

471.0 1314.0 1094.0 153.0 si che la faccia ben cogli occhi attinghe

331.0 1406.0 1154.0 158.0 Di quella soçça ⁊ scapigliata fante

461.0 1514.0 1099.0 153.0 chella si graffia cõllunghie merdose

487.0 1638.0 1054.0 134.0 ⁊ or sacoscia ⁊ ora e in pie stante.

327.0 1715.0 1139.0 162.0 Tayde la puttana che rispuose

461.0 1828.0 1017.0 150.0 al drudo suo quãdo disse o grazie

484.0 1936.0 1057.0 145.0 grandi apottee ançi marauigliose

312.0 2003.0 1118.0 198.0 E quĩci sien le nostre uiste sazie

442.0 2141.0 964.0 194.0 Comincia Capitolo. xuiiii.

280.0 2264.0 1284.0 249.0 O Simon mago o miseri seguaci

582.0 2450.0 938.0 158.0 che le cose di dio che di bontate

450.0 2568.0 937.0 150.0 deono esser ispose uoi rapaci

276.0 2663.0 1095.0 166.0 ꝑ oro ⁊ ꝑ argento auolterate.

450.0 2750.0 1103.0 158.0 or conuen che ꝑ uoi suoni la tromba

461.0 2866.0 975.0 160.0 ꝑo ke nela terça bolgia state

296.0 2951.0 1189.0 166.0 Gia erauamo ala seguente tomba

455.0 3066.0 1134.0 163.0 mõtati dalo scoglio im quella parte

461.0 3174.0 1149.0 158.0 cha punto soural meçço fosso piomba

300.0 3268.0 1110.0 177.0 O som̃a sapiença quante larte

458.0 3390.0 1210.0 158.0 che mostri in cielo in terra ⁊ nel mal mõdo

453.0 3493.0 1112.0 174.0 quãta giustizia tua uirtu comparte

312.0 3576.0 972.0 205.0 Io uidi ꝑ le coste ⁊ ꝑ lo fondo

461.0 3711.0 904.0 143.0 piena. la pietra. liuida di fori

466.0 3809.0 1110.0 176.0 dun largo tutti ⁊ ciascun era tondo

1695.0 197.0 1237.0 190.0 Nom̃i paream men ampi ne maggiori.

1831.0 313.0 1191.0 184.0 che que ke son nel mio bel san giouanni

1842.0 421.0 933.0 153.0 fatti. ꝑ luogo de batteççatori.

1715.0 511.0 1181.0 168.0 Lun de li quali ancor nõ e moltanni

1863.0 624.0 1138.0 145.0 ruppio ꝑ un che dentro uannegaua.

1868.0 729.0 1165.0 171.0 ⁊ questo sia suggel cognuomo sghanni

1715.0 798.0 1221.0 185.0 Fuor de la boccha a ciascun soꝑchiaua.

1863.0 916.0 1059.0 156.0 dun peccator de piedi ⁊ de le gambe

1860.0 1014.0 1120.0 153.0 infin al grosso ⁊ laltro dentro staua.

1723.0 1111.0 1297.0 164.0 Le piante eran a tutti incese intrambe

1879.0 1219.0 1030.0 137.0 ꝑ ke siforte guiççauan le giunte.

1868.0 1317.0 1133.0 134.0 che speççate aurien li torte e strambe

1742.0 1390.0 1269.0 186.0 Qual suole il fiam̃eggiar dele cose unte

1868.0 1517.0 1060.0 140.0 muouersi pur su ꝑ la strema buccia

1871.0 1607.0 980.0 158.0 talera li dali calcagni ale piante

1734.0 1715.0 1067.0 147.0 Chie colui maestro che si cruccia

1873.0 1812.0 1134.0 163.0 guççando piu che gli altri suo consorti

1876.0 1931.0 1115.0 155.0 dissio ⁊ cui piu roçça fiam̃a succia

1752.0 2036.0 1094.0 140.0 Et elli a me se tu uuo chio ti porti

1876.0 2139.0 1078.0 163.0 Laggiu ꝑ quella ripa ke piu giace.

1873.0 2247.0 904.0 150.0 dallui saprai di se ⁊ de suo torti.

1760.0 2352.0 1139.0 137.0 Et io tanto me bel quanta te piace

1879.0 2457.0 1056.0 151.0 te se segnore ⁊ sai chi nõ mi parto

1876.0 2558.0 1036.0 134.0 dal tuo uolere ⁊ sai quel che si tace

1738.0 2627.0 1134.0 178.0 Allor uenim̃o ĩ sulargine quarto

1879.0 2763.0 1109.0 134.0 uolgem̃o ⁊ distendem̃o a mano stanca

1879.0 2863.0 1188.0 161.0 Laggiu nel fondo foracchiato ⁊ arto

1734.0 2947.0 1245.0 174.0 Lo bom maestro ancor de la sua ancha

1871.0 3063.0 1104.0 166.0 nõ mi dispuose si mi giunse al rotto

1876.0 3174.0 1046.0 158.0 di quel che si piangra cola çancha

1757.0 3277.0 1084.0 166.0 O qual chesse chel di su tien di sotto

1884.0 3403.0 943.0 140.0 anima trista come pal cõmessa

1879.0 3506.0 975.0 132.0 cominciaio a dir se puoi fa motto

1758.0 3580.0 1083.0 189.0 Io staua comel frate ke confessa

1881.0 3698.0 1002.0 145.0 Lo ꝑfido assessin che poi ke fitto

1889.0 3809.0 1025.0 166.0 rechiama lui ꝑ ke la morte cessa.
