3442 4838
189.0 217.0 981.0 161.0 ⁊ de grido se tu gia costi ritto

330.0 338.0 850.0 137.0 se tu gia costi ritto bonifazio.

319.0 440.0 1028.0 129.0 di parecchi anni mi menti lo scritto.

319.0 529.0 877.0 134.0 e tu si tosto di quellauer sazio

330.0 623.0 1025.0 124.0 ꝑ lo qual nõ temesti torre anganno

325.0 717.0 1113.0 151.0 La bella donna e poi di farne strazio

196.0 811.0 1124.0 140.0 Tal mi fecio quai son color ke staño.

325.0 921.0 928.0 135.0 ꝑ nõ intender cio che lor risposto

319.0 1029.0 1073.0 140.0 quasi scornati ⁊ risponder nõ saño

177.0 1120.0 1008.0 140.0 Allor uirgilio disse dilli tosto

317.0 1214.0 949.0 146.0 nõ son colui nõ son colui che credi

319.0 1322.0 1057.0 158.0 ⁊ io rispuosi come a me fu inposto

201.0 1432.0 1062.0 140.0 ꝑche lo spirito tutti storse i piedi

314.0 1529.0 1019.0 158.0 poi sospirando e cõ uoce di parto

311.0 1639.0 1071.0 148.0 mi disse dunque che a me richiedi

174.0 1744.0 1116.0 145.0 Se di saper chio sia ti cal cotanto

309.0 1857.0 820.0 140.0 che tu abbi ꝑo la ripa corsa

322.0 1962.0 1035.0 137.0 sappi chi fui uestito del gran manto.

293.0 2053.0 1124.0 169.0 ueramente fu figluol dellorsa

309.0 2152.0 949.0 180.0 cupido si ꝑ auanzar gli orsatti

319.0 2276.0 1076.0 156.0 che su lauere ⁊ qui mi misi in borsa

190.0 2386.0 1259.0 164.0 Di sotto al capo mio son gli altri tratti.

317.0 2510.0 1054.0 137.0 che ꝓcedettor ꝓ me simoneggiando

319.0 2609.0 939.0 154.0 ꝑ le fessure dele pietre piatti.

158.0 2717.0 1159.0 140.0 Laggiu caschero io altressi quando

325.0 2830.0 1041.0 134.0 uerra colui chi uo credea ke fossi

317.0 2926.0 1097.0 156.0 allor chio feci il subito dimando

209.0 3042.0 1014.0 145.0 Ma piu eltempo che i pie mi cossi

231.0 3144.0 1135.0 153.0 ⁊ ki son stato cosi sotto sopra

330.0 3265.0 1103.0 137.0 chel nõ stara piantato coi pie rossi.

217.0 3343.0 1127.0 161.0 Ke dopo lui uerra di piu laidopra

333.0 3464.0 1162.0 169.0 di uer ponete un pastor sana legge

336.0 3572.0 1151.0 158.0 tal ke cõuen che me ⁊ lui ricopra

193.0 3668.0 1158.0 162.0 Nuouo Giason sara di cui si legge

287.0 3784.0 1229.0 175.0 ⟦⟧ coma a q̃iel fu molle

285.0 3899.0 1280.0 172.0 cosi fra lui ancor ki francia regge

1823.0 223.0 946.0 164.0 nõ so sio mi fu qui troppo folle

1836.0 341.0 1003.0 140.0 chi pur rispuosi lui a questo metro

1828.0 430.0 914.0 142.0 de ormidi quanto tesoro uolle

1715.0 534.0 1251.0 154.0 Nostro segnore imprima. da sampetro.

1825.0 631.0 990.0 148.0 che i ponesse le chiavi ĩ sua balia

1664.0 817.0 1229.0 161.0 Ne pier neglialtri tolsero amattia

1825.0 733.0 1098.0 140.0 certo nõ chiese se nõ uiemmi retro

1820.0 940.0 1019.0 135.0 oro o argento quãdo fu sortito

1702.0 1112.0 997.0 182.0 Ꝑo tista che tu se ben punito

1812.0 1037.0 871.0 148.0 alluogo. che ꝑde lanima ria

1828.0 1239.0 1146.0 112.0 ⁊ guarda ben lamal tolta moneta

1817.0 1330.0 1116.0 156.0 chesser ti fece contro a karlo ardito

1661.0 1432.0 1063.0 153.0 E se nõ fosse cancor lo mi ueta.

1812.0 1548.0 984.0 139.0 la reuerenza de le som̃e chiaui

1815.0 1644.0 887.0 146.0 ke tu tenesti nela uita lieta

1817.0 1771.0 982.0 129.0 userei parole ancor piu graui.

1807.0 1859.0 1153.0 129.0 che la uostra auariçia il mondo attrista

1809.0 1962.0 1162.0 147.0 calcando i buoni ⁊ selleuando i praui

1686.0 2061.0 1140.0 153.0 Di uoi pastori sacorse il uangelista.

1804.0 2177.0 1054.0 153.0 quãdo colei che siede soura lacque

1809.0 2298.0 1070.0 142.0 puttineggiar cõ regi allor fu uista.

1698.0 2390.0 1082.0 162.0 Quella che co le sette teste nacque

1823.0 2502.0 1105.0 134.0 ⁊ ale diece corna ebbe arghom̃to.

1777.0 2620.0 1296.0 153.0 fin che uirtute al suo marito piacque

1680.0 2714.0 1167.0 140.0 Fatto uauete i dio doro ⁊ dargento

1820.0 2814.0 936.0 150.0 ⁊ che altro e da uoi a lidolatre

1809.0 2937.0 1181.0 143.0 se nõ chelli e uno ⁊ uoi norate cento

1637.0 3031.0 1329.0 162.0 Ai costantin di quanto mal fu matre

1801.0 3152.0 1178.0 129.0 nõ la tua conuer sion ma quella dote

1804.0 3257.0 1129.0 153.0 che dite prese il primo riccho padre

1683.0 3378.0 1081.0 124.0 E mentrio li cantaua cotai note

1804.0 3472.0 938.0 151.0 o ira o costiemza chel mor desse

1774.0 3582.0 1119.0 154.0 forte spingaua con ambo le piote

1801.0 3695.0 1006.0 129.0 o credo ben calmio duca piacesse

1798.0 3784.0 1162.0 140.0 con si contenta labbia sempre attese

1796.0 3886.0 1062.0 183.0 Lo suon dele parole uere ⁊ spesse
