3442 4725
326.0 200.0 1182.0 142.0 Cio che narrate di mio corso scriuo

452.0 267.0 961.0 158.0 ⁊ ẜbolo a chiosar con altro testo

462.0 370.0 1063.0 162.0 a donna che sapra sallei arriuo.

322.0 467.0 1119.0 173.0 Tanto uoglio che ui sia manifesto

467.0 577.0 1181.0 152.0 pur che mia consciença non mi garra

462.0 674.0 1066.0 139.0 cola fortuna come uuol son presto

330.0 744.0 1178.0 181.0 Non e nuoua ali orecchi miei talarra

490.0 863.0 933.0 152.0 ꝑo giri fortuna la sua rota

454.0 958.0 1126.0 157.0 come le piace el uillan la sua marra.

275.0 1047.0 1249.0 181.0 Lo mio maestro allora insu la gota.

462.0 1152.0 1150.0 165.0 dextra si uolse indietro ⁊ riguardom̃i.

462.0 1252.0 919.0 176.0 poi disse. Ben ascolta chi la nota.

322.0 1354.0 1146.0 197.0 Ne ꝑtanto di men parlando uom̃i

464.0 1475.0 1127.0 160.0 con ẜ Burnetto ⁊ dimando chi sono

464.0 1601.0 1116.0 147.0 li suo compagni piu noti ⁊ piu sommi

307.0 1677.0 1268.0 153.0 Et elli a me saper dalcuno e bono

467.0 1779.0 1063.0 150.0 degli altri fia laudabile tacerti.

467.0 1903.0 1087.0 144.0 chel tempo saria corto a tanto sono.

342.0 1992.0 1146.0 185.0 Insom̃a sappi che tutti fur cherci.

469.0 2094.0 1061.0 147.0 ⁊ licterati grandi ⁊ di gran fama.

464.0 2199.0 1148.0 158.0 dun peccato medesmo al mondo lerci.

364.0 2323.0 1245.0 162.0 Priscian sen ua com quella turba grama

464.0 2430.0 1137.0 160.0 ⁊ francescho da corso anche uederui.

472.0 2538.0 1095.0 131.0 sauessi auuto di tal tigna brama

364.0 2635.0 1190.0 137.0 Collui poteui que che dal ẜuo de ẜui

427.0 2740.0 1182.0 137.0 Fu trasmutato darno imbacchiglione

467.0 2837.0 958.0 158.0 doue lascio li mal ꝓtesi nerui.

349.0 2947.0 1173.0 163.0 Di piu direi ma il uenire el ẜmone

475.0 3071.0 1137.0 147.0 piu lungo esẜ nõ puo ꝑo chio ueggio

464.0 3163.0 1085.0 147.0 La surger nuo fum̃o del sabione

267.0 3264.0 1245.0 169.0 Gente uien cola qual esẜ non deggio

475.0 3383.0 1003.0 129.0 siati raccomandato il mio tesoro.

475.0 3475.0 1181.0 160.0 nel qualio uiuo ancor ⁊ piu nõ cheggio

326.0 3575.0 1079.0 181.0 Poi si riuolse ⁊ parue di coloro

475.0 3690.0 1176.0 145.0 che corrono a uerona il drappo uerde.

483.0 3801.0 1047.0 157.0 ꝑ la campagna ⁊ parue di costoro.

1764.0 137.0 1091.0 170.0 quelli che uince nõ colui che perde

1882.0 259.0 890.0 154.0 Comincia il capitolo .xui.

1969.0 553.0 1008.0 126.0 dellacqua che cadea nellaltro giro

1996.0 389.0 1032.0 201.0 ia era in loco donde sudia i rimbombo

1744.0 736.0 1229.0 161.0 Quando tre ombre insieme si partiro

1864.0 640.0 1150.0 155.0 simile a quello che larnie fanno rombo

1756.0 853.0 1168.0 149.0 correndo duna turma che passaua

1709.0 1065.0 1218.0 116.0 Uenien uer noi ⁊ ciascuna gridaua.

1847.0 945.0 1098.0 157.0 sotto la pioggia delaspro martiro

1900.0 1144.0 898.0 139.0 sostati tu cha labito ne sembri

1705.0 1334.0 1244.0 174.0 Aĩme che piaghe uidi nei lor mẽbri.

1898.0 1257.0 966.0 134.0 esẜ alcun di nostra terra praua.

1890.0 1459.0 1152.0 139.0 ricenti ⁊ uecchie dale fiãme incese

1753.0 1648.0 1074.0 150.0 A le lor grida il mio dottor sattese

1887.0 1554.0 1203.0 139.0 Ancor men duol pur chio men rimẽbri

1887.0 1769.0 990.0 139.0 uolsel uiso uerme ⁊ disse aspetta

1745.0 1979.0 1022.0 147.0 E se nõ fossel foco che saetta

1887.0 1874.0 1022.0 144.0 disse a costor siuuol esser cortese

1903.0 2084.0 901.0 126.0 La natura delluogho i dicerei.

1900.0 2178.0 1032.0 158.0 che meglio stesse a te ca lor la fretta

1756.0 2283.0 1130.0 177.0 Ricominciar come noi restam̃o ei.

1890.0 2370.0 1296.0 213.0 Lanticho uerso ⁊ quando a noi fur giũti

1866.0 2525.0 1006.0 134.0 Fenno una rota di se tutte trei

1784.0 2590.0 1268.0 174.0 Qual solieno i campion far nudi ⁊ unti

1895.0 2711.0 1179.0 152.0 auuisando lor presa ⁊ lor uantaggio

1902.0 2799.0 1256.0 193.0 prima che sier trallor battuti ⁊ punti

1698.0 2916.0 1174.0 176.0 E si rotando ciascuno luisaggio.

1900.0 3018.0 1106.0 160.0 driççaua a me sicchen tralloro il collo

1895.0 3142.0 958.0 147.0 facea apie continuo uiaggio

1785.0 3234.0 998.0 186.0 E se miseria desto loco sollo

1911.0 3328.0 1089.0 179.0 rende in dispetto noi ⁊ nostri prieghi

1903.0 3451.0 1124.0 145.0 comincio luno el tinto aspetto ⁊ brollo

1764.0 3538.0 1202.0 179.0 La fama nostra il tuo animo preghi

1906.0 3648.0 950.0 176.0 a dirne chi tu se ke uiui i piedi

1903.0 3761.0 956.0 210.0 cosi sicuro ꝑ linferno freghi
