3442 4854
170.0 214.0 1142.0 150.0 E quel frustato celar si credette

323.0 315.0 853.0 146.0 bassan del uiso ma poco li ualse

315.0 420.0 1101.0 135.0 chio dissi tu che locchio a terra gette

191.0 504.0 1141.0 167.0 Se le faççon che porti nõ son false

321.0 625.0 900.0 130.0 uinedico se tu caccia nemicho

318.0 706.0 1095.0 165.0 ma ke ti mena asi pungenti salse.

215.0 803.0 1077.0 127.0 E delli ame mal uolontier lo dico.

310.0 900.0 1106.0 151.0 ma sforçami la tua chiara fauella

312.0 1016.0 1155.0 157.0 che mi fa souuenir del mondo antico

194.0 1100.0 1126.0 170.0 Io fui colui che la ghisola bella

259.0 1213.0 1186.0 166.0 condussi a far la uoglia del marchese

263.0 1334.0 1053.0 138.0 come che suoni la sconcia nouella.

169.0 1434.0 1214.0 159.0 E nõ pur io qui piangho bolognese

288.0 1553.0 1068.0 140.0 Ançi ne questo luogo tutto pieno

285.0 1642.0 1098.0 178.0 che tante lingue nõ sono ora aprese

178.0 1752.0 1195.0 154.0 A dicer sippa tra sauena el reno

285.0 1868.0 1071.0 141.0 ⁊ se dicio uuo fede o testimonio.

285.0 1979.0 1112.0 148.0 recatamente il nostro auaro seno.

159.0 2062.0 1235.0 162.0 Cosi parlando il ꝑcosse un dimonio

280.0 2178.0 968.0 157.0 dela sua scuriada ⁊ disse uia

280.0 2273.0 1163.0 180.0 ruffian qui nõ son femine di conio

137.0 2394.0 1134.0 166.0 Io miraggiunsi cola scorta mia.

291.0 2510.0 1052.0 165.0 poscia com pochi passi di uenim̃o.

280.0 2626.0 1079.0 154.0 lau uno scoglio dela ripa uscia.

196.0 2729.0 1131.0 156.0 Assai leggiermente quel salim̃o.

283.0 2842.0 1063.0 175.0 ⁊ uolti a dextra su ꝑ la sua scheggia

285.0 2950.0 1096.0 132.0 da quelle cerchie eterne ci partim̃o.

170.0 3021.0 1275.0 198.0 Quãdo noi fum̃o la douel uaneggia

294.0 3147.0 946.0 177.0 di sotto ꝑ dar passo ali sferçati

299.0 3248.0 1264.0 206.0 lo duca disse atienti ⁊ fa che feggia

125.0 3341.0 1243.0 202.0 Lo uiso in te di questi altri malnati.

304.0 3473.0 1152.0 178.0 ai quali ancor non uedesti la faccia.

307.0 3600.0 1109.0 151.0 ꝑo che son connoi insieme andati.

166.0 3676.0 1372.0 182.0 Del uecchio ponte guardauan la traccia

310.0 3807.0 1095.0 159.0 che uenia uerso noi dellaltra banda

318.0 3912.0 1133.0 205.0 ⁊ che la ferça similmente scaccia

1613.0 204.0 1251.0 184.0 El bom maestro sanza mia dimanda

1807.0 318.0 1152.0 167.0 mi disse guarda quel grande che uene.

1810.0 434.0 1081.0 151.0 ⁊ ꝑ dolor nõ par lagrima spanda

1668.0 501.0 1093.0 170.0 Quanto aspetta reale ancor ritene

1799.0 620.0 1103.0 167.0 quelli e giason che ꝑ cuore ⁊ ꝑ senno

1793.0 722.0 1166.0 157.0 li colchi del monton priuati fene

1648.0 803.0 960.0 170.0 Elle passo ꝑ lisola di lenno

1796.0 941.0 1138.0 153.0 poi che lardite femine spietate

1791.0 1030.0 1081.0 156.0 tutti li maschi loro a morte dienno

1700.0 1104.0 1090.0 194.0 Iui cõ segni. ⁊ cũ parole ornate

1812.0 1245.0 958.0 135.0 ysifile inganno la giouanetta

1785.0 1348.0 1290.0 170.0 che prima laltre auea tutte ingannate

1645.0 1429.0 1157.0 162.0 Lasciolla quiui grauida soletta

1793.0 1539.0 1106.0 151.0 tal colpa a tal marito lui condaña.

1804.0 1653.0 1098.0 151.0 ⁊ anche di medea si fa uendetta

1656.0 1752.0 1276.0 162.0 Collui sen ua chi da tal parte inganna

1793.0 1860.0 944.0 165.0 ⁊ questo basti dela prima ualle

1780.0 1990.0 990.0 161.0 sapere ⁊ di color chen se asaña

1645.0 2103.0 1128.0 140.0 Gia erauamo oue lo stretto calle.

1783.0 2203.0 1065.0 132.0 collargine secondo sincrocicchia.

1780.0 2313.0 1157.0 143.0 ⁊ fa di quello a un altrarco spalle

1631.0 2382.0 1284.0 202.0 Quindi sentim̃o gente ke si picchia

1774.0 2524.0 1217.0 175.0 nellaltra bolgia ⁊ che col muso scuffa

1783.0 2642.0 1100.0 157.0 ⁊ se medesmo cole palme picchia.

1637.0 2739.0 1203.0 159.0 Le ripe eran grõmate duna muffa

1774.0 2855.0 877.0 157.0 ꝑ lalito di giu che ui sapasta

1774.0 2969.0 1160.0 156.0 che cogli occhi ⁊ col naso facea zuffa

1626.0 3052.0 1044.0 181.0 Lo fondo e cupo si che nõ ci basta

1769.0 3176.0 1217.0 148.0 Luogo a ueder sanza montar al dosso

1797.0 3280.0 1102.0 142.0 dellarcho oue lo scoglio piu sourasta

1642.0 3403.0 1295.0 151.0 Quiui uenimo ⁊ quĩdi giu nel fosso.

1766.0 3505.0 1114.0 143.0 uidi gente attuffata in uno sterco.

1766.0 3613.0 1174.0 148.0 che da li human priuadi parea mosso.

1652.0 3705.0 1291.0 162.0 E mentre chio laggiu collocchio cercho

1766.0 3810.0 1077.0 151.0 uidi un col capo si di merda lordo

1772.0 3923.0 965.0 216.0 Che nõ parea sera laico o chercho
